1875 2956
721 232 862 266 LIBER
891 231 1087 268 PRIMUS.
1533 235 1607 269 345

214 319 317 379 fuga
352 332 434 362 sua
468 318 770 381 conscripsit,
818 317 945 381 apud
984 319 1202 364 mortales
1246 317 1462 362 homines
1505 318 1611 361 satis

212 402 475 438 excusatam
510 392 607 439 fieri
629 404 847 457 putamus
877 395 1184 440 secessionem
1213 402 1421 439 nostram
1452 391 1512 436 ab
1534 407 1612 436 ec-

212 471 348 516 clesia
383 481 565 530 nostra,
606 472 844 534 potissime
880 487 1011 529 cum,
1052 481 1099 516 ut
1138 472 1226 516 late
1272 486 1411 532 supra
1454 485 1613 514 recen-

211 547 405 600 suimus,
424 548 469 592 vi
490 548 666 609 majore
687 557 826 609 atque
840 548 1052 609 praecisa,
1074 548 1147 592 cui
1166 547 1374 592 resistere
1390 555 1435 591 et
1450 555 1615 591 contra

212 624 296 668 niti
324 625 451 671 nulla
475 624 611 669 nobis
635 624 826 670 facultas
847 623 947 678 fuit,
977 622 1037 668 ab
1058 623 1222 669 eadem
1245 623 1368 686 pulsi
1394 632 1437 668 et
1461 623 1611 684 ejecti,

212 716 299 745 nec
331 701 391 746 ad
426 717 528 746 eam
560 701 724 745 reverti
754 699 963 763 permissi
996 699 1226 744 ullatenus
1257 699 1492 743 fuerimus.
1523 702 1616 744 Nec

213 787 367 822 tamen
380 787 627 840 propterea
641 776 767 839 apud
780 776 1039 821 districtum
1053 779 1075 820 J
1080 775 1264 821 udicem
1281 775 1616 839 inculpabilem

214 870 300 898 nos
325 863 403 899 aut
424 854 657 898 insontem
681 868 882 897 asserere
906 853 1228 916 praesumimus
1244 888 1254 908 ,
1285 872 1307 895 «
1330 853 1455 915 apud
1475 868 1616 914 quem

213 942 257 979 et
296 933 340 977 in
377 933 508 994 cujus
550 941 807 994 conspectu
836 951 857 974 2)
895 942 943 977 nt
977 949 1106 978 sacer
1136 932 1340 996 psalmus
1373 933 1434 978 ait
1471 952 1490 974 «
1520 949 1615 977 non

209 1007 538 1069 justificabitur
571 1008 724 1053 omnis
745 1009 904 1053 vivens
935 1028 955 1051 υ
977 1027 987 1065 ;
1022 1009 1103 1054 sed
1134 1009 1289 1071 potius
1311 1008 1550 1053 humiliter
1575 1017 1618 1053 et

215 1084 381 1129 devote
421 1085 518 1146 ejus
552 1085 923 1131 miscricordiam
958 1095 1097 1148 atque
1137 1095 1399 1131 erratorum
1434 1086 1619 1130 veniam

214 1160 538 1224 deprecamur.

633 1365 969 1410 CAPITULUM
1007 1366 1167 1409 XXIX.

241 1493 290 1526 De
306 1492 373 1526 alia
390 1492 564 1527 calumnia
583 1505 622 1526 ac
637 1493 878 1539 persecutione
897 1494 932 1526 in
948 1492 1106 1540 personis
1123 1492 1319 1538 conjunctis
1340 1491 1442 1525 nobis
1458 1491 1600 1526 inflicta.

287 1607 474 1664 Verum,
505 1616 550 1652 et
573 1608 695 1653 ultra
723 1624 777 1654 ea
811 1625 912 1670 quae
950 1609 1266 1664 narravimus,
1309 1624 1417 1654 cum
1453 1609 1499 1654 in
1542 1626 1627 1654 nos

219 1683 437 1729 malevoli
472 1700 560 1746 pro
602 1694 714 1730 voto
750 1685 909 1730 saevire
945 1701 1042 1730 non
1076 1694 1289 1748 possent,
1330 1685 1412 1746 qui
1436 1685 1483 1729 in
1509 1685 1626 1730 civi-

221 1768 311 1804 tate
336 1760 504 1820 insigni
528 1776 581 1805 ac
603 1760 750 1806 libera
780 1764 1088 1806 Treverorum
1120 1760 1367 1806 latibulum
1394 1777 1448 1806 ac
1471 1760 1629 1824 profu-

223 1837 347 1899 gium
383 1846 557 1893 tutum,
596 1840 696 1882 Deo
723 1837 1040 1896 concedente,
1084 1837 1455 1895 inveneramus',
1502 1847 1629 1883 extra

223 1913 414 1959 totalem
440 1914 558 1975 regis
585 1913 794 1976 praedicti
818 1913 1070 1971 ditionem,
1110 1915 1432 1975 cogitaverunt
1460 1914 1629 1959 iterum

225 1991 442 2036 nonnulli
468 1991 597 2054 impii
624 1990 868 2052 quomodo
893 1991 940 2035 in
965 2007 1190 2053 personas
1212 1991 1510 2052 conjunctas,
1537 2007 1631 2052 ger-

226 2084 391 2114 manos
428 2068 601 2113 scilicet
639 2076 824 2112 nostros
853 2077 895 2112 et
924 2068 1166 2130 'quosdam
1195 2067 1421 2113 honestos
1455 2084 1632 2114 merca-

228 2156 365 2203 tores,
394 2145 474 2207 qui
496 2144 751 2205 aliquando
772 2145 844 2189 vel
868 2144 1087 2207 epistolas
1112 2144 1183 2189 vel
1212 2145 1435 2207 pecunias
1464 2144 1522 2190 de
1546 2145 1633 2207 spi-

228 2221 471 2267 ritualibus
500 2220 806 2285 proventibus
842 2221 1044 2266 ecclesiae
1082 2230 1249 2266 nostrae
1285 2221 1345 2266 ad
1380 2237 1466 2265 nos
1499 2220 1631 2265 detu-

229 2299 402 2358 lerant,
451 2298 663 2344 szevirent
683 2335 693 2354 ,
749 2312 929 2359 nosque
986 2298 1058 2343 vel
1108 2313 1165 2342 eo
1212 2297 1357 2343 modo
1403 2298 1633 2360 supplicio

231 2373 482 2419 afficerent.

300 2451 353 2492 Et
371 2458 461 2496 tres
481 2448 671 2511 quidem
698 2465 753 2493 ex
781 2448 1012 2509 germanis
1047 2449 1243 2505 nostris⁷
1267 2465 1471 2511 quorum
1496 2448 1634 2494 exsis-

233 2533 338 2569 tunt
361 2524 456 2569 duo
496 2525 559 2570 illi
593 2541 712 2587 quos
747 2540 887 2588 supra
914 2524 1111 2570 Turonis
1140 2524 1278 2570 fuisse
1312 2524 1393 2570 diu
1421 2524 1636 2570 detentos

291 2698 326 2732 1.
359 2698 415 2732 Au
439 2703 761 2732 commencement
779 2695 825 2732 de
845 2696 991 2732 l‘anncc
1021 2698 1136 2733 1471.
