1875 2956
749 226 893 261 LIBER
919 225 1100 262 PRIMUS
1107 254 1114 262 .
1545 228 1566 261 3
1573 228 1614 262 31

226 311 369 357 Nimis
391 310 517 355 enim
540 310 800 371 legentibus
824 310 1113 356 fastidiosum
1136 318 1269 368 esset,
1297 310 1333 354 si
1357 311 1516 356 omnia
1537 312 1623 357 hn-

218 386 479 449 juscemodi
508 397 671 433 contra
700 404 788 432 nos
816 389 1040 432 intentata
1062 397 1107 432 et
1129 386 1354 448 exquisita
1381 387 1624 433 molimina

222 465 434 527 praesenti
456 473 623 509 nostrae
648 464 873 528 apologia*
898 464 1124 508 vellemus
1145 464 1364 508 inserere.

656 661 987 706 CAPITULUM
1021 662 1183 705 XXIV.

518 798 649 831 Iterum
665 796 732 830 alia
752 795 902 842 objectio
923 804 954 829 et
973 794 1018 829 ad
1033 807 1108 829 eam
1124 795 1318 841 responsio.

286 914 375 959 Sed
400 913 554 960 adhuc
576 912 731 958 forsan
751 912 892 958 etiam
910 912 1015 974 quis
1038 928 1124 957 nos
1142 912 1332 975 culpare
1355 911 1621 970 conabitur,

221 1000 267 1035 et
304 992 517 1036 omnium
548 989 943 1053 persecutionum,
982 1004 1097 1050 quas
1131 998 1227 1034 tam
1261 989 1308 1033 in
1346 987 1483 1033 nobis
1517 988 1625 1050 ipsis

221 1084 364 1129 quam
385 1069 431 1113 in
456 1068 622 1113 nostris
645 1067 849 1130 perpessi
873 1082 1048 1125 sumus,
1077 1066 1264 1128 culpam
1288 1066 1335 1110 in
1363 1081 1450 1109 nos
1475 1065 1628 1110 (letor-

220 1161 363 1206 quere
386 1145 612 1203 studebit,
643 1144 773 1207 quod
796 1161 891 1189 non
918 1144 1209 1207 paruerimus
1235 1143 1354 1204 regis
1381 1143 1621 1202 mandato,

221 1238 333 1283 quo,
361 1232 500 1285 prout
524 1238 663 1285 supra
686 1222 944 1277 retulimus,
971 1221 1271 1284 praeeipiel)at
1296 1231 1347 1266 ut
1366 1221 1536 1266 servitii
1556 1222 1624 1265 sui

219 1314 358 1344 causa
380 1300 709 1362 perpinianum
730 1308 1081 1344 reverteremur.
1107 1300 1210 1343 Non
1234 1298 1377 1354 enim,
1404 1306 1456 1342 ut
1478 1298 1624 1342 videri

218 1374 451 1436 aliquibus
476 1376 662 1437 poterit,
692 1374 916 1420 mandato
940 1374 1165 1437 principis
1191 1372 1418 1418 obaudire
1443 1372 1623 1418 detrec-

219 1459 316 1496 tare
342 1451 613 1507 delmimus,
654 1467 785 1509 cum,
825 1460 875 1495 ut
905 1450 1152 1513 Apostolus
1186 1450 1392 1512 praecipit
1417 1468 1438 1492 «
1473 1451 1626 1495 omnis

218 1524 375 1570 anima
387 1524 691 1587 potestatibus
707 1523 1060 1570 sublimioribus
1077 1523 1262 1569 subdita
1276 1539 1374 1569 esse
1389 1523 1573 1579 debeat,
1600 1545 1621 1567 2>

219 1609 265 1645 et
291 1619 312 1643 «
340 1601 419 1662 qui
439 1601 654 1663 potestati
678 1601 862 1657 resistit,
890 1601 974 1646 Dei
1003 1619 1024 1642 »
1050 1609 1101 1645 ut
1124 1599 1250 1645 idem
1274 1600 1424 1662 inquit
1453 1620 1474 1642 «
1500 1601 1625 1646 ordi-

219 1676 400 1721 nationi
437 1677 618 1722 resistit.
651 1697 672 1719 »
700 1676 842 1733 Quod
873 1667 1161 1721 etsimiliter
1191 1675 1354 1721 beatus
1388 1677 1625 1738 apostolus

222 1754 381 1797 Petrus
401 1753 607 1814 praecipit
634 1770 643 1797 ε
676 1772 696 1794 «
723 1752 906 1797 Subditi
931 1768 952 1791 »
980 1752 1131 1812 inquit
1157 1770 1179 1794 «
1209 1762 1354 1797 estote
1379 1752 1509 1797 omni
1529 1752 1624 1797 hu-

221 1843 369 1873 manae
391 1838 610 1873 creaturae
630 1838 823 1891 propter
842 1831 1010 1884 Deum,
1040 1828 1133 1872 sive
1154 1828 1248 1889 regi
1271 1829 1401 1890 quasi
1425 1828 1623 1891 praecel—

221 1905 358 1963 lenti,
387 1914 475 1950 etc.
510 1924 530 1947 ι)
557 1915 601 1950 et
625 1905 735 1951 alibi
764 1924 787 1948 «
820 1922 916 1950 non
939 1914 1122 1950 tantum
1144 1904 1282 1949 bonis
1307 1913 1351 1949 et
1380 1904 1618 1963 modestis,

220 1981 300 2026 sed
325 1982 463 2026 etiam
489 1981 704 2043 dyscolis.
737 2000 759 2023 »

284 2057 376 2103 Sed
399 2068 523 2102 certe
557 2058 593 2103 si
623 2058 726 2120 quis
749 2073 827 2112 ea,
866 2074 967 2120 qua}
997 2058 1207 2120 superius
1239 2073 1265 2103 a
1288 2056 1426 2102 nobis
1449 2066 1622 2102 retexta

219 2144 343 2191 sunt,
371 2134 430 2179 de
453 2135 617 2190 causis,
645 2145 837 2198 propter
859 2151 974 2197 quas
1000 2135 1080 2180 illo
1105 2135 1270 2180 reverti
1297 2135 1395 2179 sine
1418 2134 1618 2179 evidenti

220 2212 380 2257 mortis
403 2212 611 2275 periculo
633 2228 731 2257 non
757 2212 942 2271 licebat,
967 2212 1026 2258 ad
1049 2222 1253 2257 mentem
1283 2211 1533 2267 reduxerit,
1562 2212 1621 2256 fa-

219 2289 304 2335 cile
329 2289 498 2335 talibus
523 2289 866 2350 objectionibus
891 2290 1175 2335 satisfactum
1196 2304 1293 2334 esse
1315 2288 1551 2349 intelliget.

289 2385 310 2408 u
338 2369 461 2411 Juste
493 2366 669 2428 impera
697 2386 716 2406 n
746 2367 809 2411 ait
838 2368 1013 2411 Seneca
1043 2366 1103 2412 ad
1133 2368 1388 2421 Neronem3
1425 2384 1446 2407 «
1480 2380 1620 2409 nemo

222 2458 318 2486 non
359 2443 521 2488 eadem
554 2443 693 2488 volet.
724 2464 744 2485 »
782 2444 998 2506 Alioquin
1038 2443 1074 2488 si
1111 2442 1330 2505 praedicta
1366 2441 1622 2504 apostoliea

221 2528 449 2581 praecepta
469 2520 608 2565 etiam
629 2519 688 2565 de
715 2520 803 2579 his,
830 2520 910 2582 qui
933 2520 1074 2583 impie
1097 2529 1141 2564 et
1169 2519 1334 2581 injuste
1356 2535 1441 2562 nos
1464 2517 1622 2562 volent

222 2595 485 2656 opprimere
508 2606 552 2640 et
583 2595 642 2640 ad
667 2596 799 2641 illum
828 2596 970 2642 finem
1001 2596 1139 2642 nobis
1172 2597 1421 2657 imperant,
1451 2593 1622 2639 intelli—

222 2670 374 2731 genda
391 2670 559 2731 forent,
577 2673 810 2718 contraria
831 2682 981 2718 essent
997 2682 1043 2717 et
1059 2672 1251 2718 adversa
1267 2679 1499 2733 praecepto
1523 2671 1620 2716 Sal-
