1875 2956
310 245 321 277 1
335 245 380 280 21.
665 246 1005 282 HISTORIARUM
1035 248 1268 285 LUDOVICI
1296 250 1351 286 xl

721 421 1059 465 CAPITULUM
1105 423 1288 466 XXXII.

306 556 357 588 Dc
376 555 528 587 censuris
543 554 741 599 apostolicis
761 563 793 588 et
810 554 1003 589 interdictis
1020 556 1055 588 in
1071 556 1213 589 rebelles
1230 556 1467 601 Trajectenses
1483 566 1515 591 et
1531 568 1620 592 certa
1634 560 1709 592 loca

351 615 589 660 promulgatis,
607 627 691 660 quas
709 626 778 648 non
805 616 981 649 observari
1004 629 1022 649 a
1049 616 1154 657 clero,
1171 615 1231 649 sed
1250 616 1425 650 contemni
1442 628 1581 663 coegere
1603 618 1707 652 iidem

350 670 492 703 rebelles
510 670 533 702 ¹.

368 784 524 828 Mense
558 793 715 830 autem
750 795 974 847 augusto,
1015 801 1142 831 anno
1174 800 1483 831 Mccccmxxn
1516 784 1706 832 allatum

306 869 372 904 cst
417 861 726 923 apostolicum
769 862 1105 921 monitorium,
1152 872 1436 925 procurante
1484 861 1706 926 episcopo

300 936 604 998 Trajectensi,
633 953 729 999 quo
755 938 1073 985 monebantur
1109 939 1261 985 dictus
1297 938 1635 1000 Enghelbertus
1663 950 1707 986 et

300 1012 468 1073 singuli
498 1013 556 1058 de
593 1014 841 1060 consulatu
878 1015 1075 1060 civitatis
1109 1015 1442 1077 Trajectensis,
1478 1024 1707 1076 quatenus

299 1085 429 1134 bona
448 1089 670 1152 episcopo
694 1091 977 1153 spectantia,
1005 1107 1107 1153 quae
1127 1100 1292 1136 contra
1310 1091 1385 1152 jus
1411 1100 1457 1135 et
1481 1089 1548 1136 fas
1571 1106 1709 1136 occu-

299 1175 492 1227 parant,
528 1166 682 1212 eidem
709 1167 934 1230 episcopo
956 1167 1250 1213 restituerent
1271 1177 1316 1212 et
1347 1166 1702 1224 contraderent,

299 1242 463 1304 eique,
498 1253 726 1306 tanquam
751 1243 949 1290 domino
977 1253 1023 1289 et
1045 1245 1221 1307 pastori
1247 1260 1356 1303 suo,
1384 1252 1602 1306 parerent
1618 1279 1629 1301 ‚
1661 1254 1706 1290 et

299 1319 421 1365 cives
444 1320 633 1383 locique
664 1321 834 1367 accolae
855 1321 1066 1367 similiter
1092 1340 1100 1366 :
1130 1321 1365 1384 alioquin,
1403 1320 1543 1383 lapsis
1571 1320 1706 1366 certis

299 1395 487 1454 diebus,
521 1400 603 1457 qui
640 1398 891 1443 monitioni
923 1413 1087 1461 parere
1122 1398 1479 1456 detrectassent,
1520 1412 1706 1442 excom-

298 1472 607 1518 municationi
647 1483 693 1518 et
721 1473 1007 1520 anathemati
1040 1473 1381 1520 subdebantur.
1419 1475 1574 1529 Quam
1597 1488 1705 1518 cen-

299 1564 455 1594 suram
478 1549 514 1593 si
538 1565 620 1612 per
643 1559 734 1594 tres
755 1550 1061 1613 postmodum
1081 1550 1180 1596 dies
1203 1550 1502 1613 pertinaciter
1522 1559 1567 1594 et
1588 1565 1703 1594 con-

298 1626 544 1670 tumaciter
591 1626 897 1684 sustinerent,
942 1643 996 1671 ex
1041 1636 1153 1672 tunc
1187 1627 1348 1672 civitas
1388 1625 1700 1672 ecclesiastico

297 1701 654 1764 supponebatur
686 1702 934 1748 interdicto
959 1713 1004 1748 et
1022 1703 1231 1748 similiter
1259 1702 1489 1765 oppidum
1519 1705 1702 1747 Amers-

297 1776 457 1823 fordiae
474 1779 502 1823 ².

360 1857 480 1901 Huic
515 1856 706 1919 quidem
748 1858 999 1903 monitioni
1036 1858 1171 1903 initio
1212 1856 1572 1919 Enghelbertus,
1614 1857 1702 1902 nisi

294 1933 566 1995 iniquorum
590 1934 744 1979 fuisset
765 1933 1043 1997 depravatus
1058 1934 1272 1991 consilio,
1288 1931 1632 1996 protestabatur
1654 1950 1700 1978 se

296 2008 570 2055 obedienter
604 2027 767 2074 parere
790 2011 932 2069 velle,
963 2021 1006 2057 et
1049 2010 1314 2074 episcopale
1346 2010 1570 2072 palatium
1597 2024 1700 2053 eva-

295 2103 434 2132 cuare
461 2088 600 2145 velle,
633 2104 919 2150 (mutemque
951 2088 1160 2150 ejusdem
1188 2086 1520 2150 supellectilem
1551 2084 1699 2147 probe

295 2164 630 2222 restituturum,
654 2175 714 2222 et,
737 2165 772 2210 si
795 2165 909 2226 quid
930 2165 1038 2210 inde
1054 2164 1125 2210 vel
1142 2163 1393 2226 perditum,
1409 2161 1482 2207 vel
1502 2161 1699 2207 deterio-

294 2250 445 2285 ratum
467 2240 605 2298 soret,
633 2241 794 2286 omnia
812 2240 967 2286 debite
991 2251 1036 2286 et
1058 2239 1340 2285 sufficienter
1354 2239 1692 2301 suppleturum.

294 2317 385 2362 Sed
419 2333 527 2361 cuni
551 2317 599 2362 id
633 2318 838 2379 prinlum
876 2317 1104 2362 facturum
1136 2326 1181 2361 et
1222 2315 1523 2379 impleturum
1545 2314 1700 2361 suisset

294 2392 547 2456 pollicitus,
573 2393 684 2437 dolo
706 2392 845 2455 paulo
870 2402 972 2455 post
991 2392 1170 2437 Inimici
1199 2391 1401 2437 hominis
1424 2391 1699 2453 impiorum-

348 2551 360 2584 1
377 2578 383 2584 .
415 2548 589 2598 Chapitre
605 2546 733 2598 publie
751 2547 844 2583 dans
863 2547 915 2582 les
940 2549 1111 2582 Analecta
1132 2546 1178 2582 de
1200 2545 1395 2582 Mattbaeus
1415 2554 1451 2581 et
1469 2544 1562 2582 dans
1580 2544 1696 2581 l’Am-

286 2614 462 2658 plissima
479 2612 653 2646 collectio.

346 2673 382 2707 9..
417 2675 467 2707 Le
504 2679 604 2708 texte
640 2671 687 2707 de
722 2680 818 2707 cette
848 2669 950 2706 bullo
989 2679 1041 2706 est
1082 2670 1173 2706 dans
1212 2669 1401 2705 l'llistoire
1434 2668 1498 2704 des
1533 2669 1695 2716 eve‘ques

294 2733 486 2770 d'Utrecht
508 2732 554 2769 de
575 2732 788 2770 Guillaume
813 2732 940 2776 neda,
966 2745 1002 2781 p.
1028 2734 1101 2768 297
1130 2731 1174 2767 de
1203 2730 1370 2768 l'edition
1400 2730 1446 2766 de
1479 2729 1690 2766 Buclielius.
