1875 2956
249 265 265 299 1
277 264 324 299 18
505 284 509 289 ‚
608 262 947 299 HISTORIARUM
977 262 1206 298 LUDOVICI
1232 264 1288 298 XI

314 350 508 395 Paulum
545 364 656 394 vero
697 356 830 403 ante,
875 362 982 392 cum
1020 347 1247 393 exercitus
1284 349 1649 396 Brabantionum

250 425 493 489 quoddam
536 424 778 470 castellum
803 426 814 447 ¹
857 439 1005 487 prope
1050 424 1285 470 civitatem
1329 424 1646 486 obsedissent,

248 503 400 549 dictus
437 502 686 563 sacrilegus
716 510 964 562 tyrannim,
992 501 1187 547 collecta
1214 517 1359 547 manu
1382 503 1534 550 valida
1553 515 1649 550 tam

250 579 572 634 rutherorum,
620 594 762 640 quam
804 578 1103 641 popularium
1146 579 1330 642 patriae,
1371 578 1491 624 inter
1534 596 1651 642 quos

249 674 370 702 unus
400 671 596 716 magnus
626 664 724 700 erat
756 654 997 712 ruthenis,
1035 665 1354 716 cognomento
1387 655 1445 701 de
1482 658 1652 703 Waclz-

249 732 495 790 tendonels,
525 749 634 778 cum
659 733 884 778 sexcentis
914 743 957 778 et
982 733 1181 796 amplius
1206 731 1440 795 equitibus
1467 742 1513 778 et
1534 749 1652 779 non-

248 811 386 856 nullis
427 810 598 873 copiis‚
638 826 754 872 quas
797 810 937 855 etiam
976 809 1070 855 dux
1110 809 1335 854 Clivensis
1375 809 1563 855 miserat
1606 811 1651 856 in

247 886 472 931 auxilium
500 886 709 947 tyranni,
734 903 841 931 cum
863 902 958 948 quo
982 902 1029 930 se
1049 886 1165 930 inito
1187 885 1358 930 foedere
1380 885 1621 948 copularat
1639 923 1650 943 ‚

249 962 395 1007 movit
429 962 488 1007 de
523 962 706 1007 civitate
741 971 786 1007 et
821 960 1159 1006 Brabantiones
1186 960 1310 1005 bello
1343 959 1535 1007 adortus
1567 972 1649 1008 est.

248 1040 365 1098 Qui,
400 1038 588 1084 aciebus
619 1039 712 1084 suis
741 1037 902 1083 debito
939 1037 1104 1083 ordine
1137 1037 1398 1100 dispositis,
1431 1054 1539 1084 eum
1574 1056 1655 1085 au-

248 1116 407 1162 dacter
431 1126 476 1161 et
509 1116 721 1161 animose
753 1125 1060 1178 exceperunt,
1088 1125 1399 1177 consertoque
1419 1132 1528 1160 cum
1550 1115 1655 1161 hos-

250 1192 372 1238 tibus
402 1192 585 1256 pmelio,
613 1192 693 1254 qui
724 1207 897 1253 magno
923 1208 1122 1237 numero
1145 1201 1298 1249 erant,
1337 1191 1567 1253 insignem
1596 1192 1654 1238 de

249 1269 358 1332 ipsis
393 1269 637 1314 victoriam
663 1278 709 1314 et
749 1278 922 1331 tropaea
965 1285 1061 1314 non
1099 1268 1263 1330 exigua
1308 1272 1650 1331 reportarunt².

249 1348 373 1391 Caesa
396 1356 503 1391 sunt
525 1346 573 1391 in
596 1362 654 1391 eo
675 1346 858 1408 proelio,
884 1355 935 1391 ut
959 1362 986 1392 a
1010 1345 1221 1409 pluribus
1246 1344 1495 1403 ferebatur,
1518 1362 1656 1408 supra

251 1432 452 1484 quatuor
474 1423 620 1467 millia
645 1423 885 1479 virorum,
913 1432 957 1467 et
989 1422 1159 1484 captivi
1187 1421 1313 1467 ducti
1339 1422 1521 1467 circiter
1558 1422 1655 1468 duo

251 1499 412 1544 millia.
434 1502 556 1543 Inter
576 1508 766 1543 ca¹teros
785 1498 860 1543 ille
879 1498 1029 1543 dictus
1049 1498 1107 1543 de
1129 1497 1527 1555 Wachtemlonck,
1546 1515 1652 1543 cum

252 1577 345 1621 suis
383 1587 428 1622 et
467 1576 751 1621 Clivensium
783 1576 953 1638 copiiS‚
991 1585 1259 1638 peremptus
1299 1585 1381 1621 est.
1423 1576 1653 1621 Minorem

252 1663 408 1699 tamen
436 1653 576 1713 longe
603 1652 740 1698 fuisse
768 1668 993 1698 caesorum
1016 1662 1060 1697 et
1087 1652 1378 1715 captivorum
1406 1668 1654 1697 numerum

251 1729 326 1775 alii
349 1728 664 1775 affirmabant.

318 1805 594 1867 Sacrilegus,
618 1804 726 1867 suga
744 1805 942 1869 elapsus,
964 1806 1011 1850 in
1038 1805 1273 1851 civitatem
1291 1821 1338 1850 se
1361 1805 1549 1868 recepit,
1576 1804 1656 1850 ubi

252 1883 449 1928 alterum
477 1882 536 1927 de
566 1881 958 1943 burgimagistris,
985 1892 1209 1944 tanquam
1237 1880 1527 1944 proditorem
1546 1916 1557 1938 7
1584 1882 1657 1927 vel

252 1959 394 2015 duos,
420 1969 472 2004 ut
500 1958 716 2004 nonnulli
740 1958 953 2015 aiebant,
981 1974 1037 2003 eo
1063 1957 1191 2019 quod
1221 1973 1300 2014 ea7
1328 1974 1430 2020 quae
1453 1957 1518 2003 eis
1549 1967 1655 2002 ante

254 2035 586 2093 mandaverat,
613 2035 806 2097 implere
832 2051 926 2080 non
956 2044 1224 2090 curassent,
1252 2033 1494 2078 interfecit.
1523 2036 1578 2077 Et
1597 2032 1655 2078 de

252 2113 340 2158 loci
379 2113 623 2158 securitate
666 2130 763 2157 non
799 2113 905 2158 satis
928 2111 1154 2169 confisus,
1187 2112 1402 2173 Hoyum3
1428 2110 1655 2174 oppidum

254 2190 407 2254 petiit,
440 2190 485 2234 in
511 2206 605 2251 quo
632 2206 802 2251 magna
832 2190 1130 2250 fugitivorum
1163 2206 1188 2234 c
1218 2187 1382 2251 proelio
1411 2188 1657 2234 collocavit

251 2266 479 2330 pracsidia.

317 2344 459 2401 Quod
498 2344 557 2400 si,
599 2344 664 2388 uti
699 2342 946 2401 serebatur,
985 2341 1320 2387 ssrabantiones
1354 2342 1507 2398 illico,
1536 2351 1656 2404 post·

304 2496 339 2532 1.
371 2490 526 2530 Μοίἰηρῐ
549 2491 724 2541 l’appelle
744 2490 964 2539 Boulongne
988 2507 1001 2521 a
1022 2503 1098 2539 ung
1117 2489 1256 2526 chastel
1277 2489 1366 2525 assis
1388 2490 1407 2525 ἐι
1432 2488 1520 2525 trois
1541 2489 1655 2526 lieucs

251 2558 337 2608 pres
359 2557 404 2593 (le
427 2557 460 2593 la
477 2556 548 2593 cite
570 2555 615 2591 de
632 2554 767 2605 Licge.
795 2566 859 2589 sur
893 2566 966 2589 une
994 2552 1129 2590 rivis-re
1155 2553 1330 2588 nominee
1351 2556 1460 2590 Sarre
1480 2569 1498 2585 ι
1516 2581 1524 2596 ,
1548 2561 1572 2588 t.
1595 2554 1653 2597 11,

251 2618 359 2668 chap.
384 2632 491 2653 xcui.

304 2683 342 2718 2.
374 2683 424 2716 Le
448 2681 493 2715 10
511 2678 657 2724 jam-ier
685 2677 793 2713 1483.

307 2746 343 2780 13.
378 2744 477 2779 Hm,
