<?xml version="1.0" encoding="UTF-8"?>
<!DOCTYPE html PUBLIC "-//W3C//DTD XHTML 1.0 Transitional//EN"
    "http://www.w3.org/TR/xhtml1/DTD/xhtml1-transitional.dtd">
<html xmlns="http://www.w3.org/1999/xhtml" xml:lang="en" lang="en">
 <head>
  <title>
</title>
<meta http-equiv="Content-Type" content="text/html;charset=utf-8" />
  <meta name='ocr-system' content='tesseract 3.04.00' />
  <meta name='ocr-capabilities' content='ocr_page ocr_carea ocr_par ocr_line ocrx_word'/>
</head>
<body>
  <div class='ocr_page' id='page_1' title='image "./histoiredesrgn03basi_0125.png"; bbox 0 0 1875 2956; ppageno 0'>
   <div class='ocr_carea' id='block_1_1' title="bbox 682 219 1540 258">
    <p class='ocr_par' dir='ltr' id='par_1_1' title="bbox 682 219 1540 258">
     <span class='ocr_line' id='line_1_1' title="bbox 682 219 1540 258; baseline -0.007 0"><span class='ocrx_word' id='word_1_1' title='bbox 682 224 820 258; x_wconf 75' lang='lat' dir='ltr'>LIBER</span> <span class='ocrx_word' id='word_1_2' title='bbox 849 222 1044 257; x_wconf 83' lang='lat' dir='ltr'><strong>SEXTUS.</strong></span> <span class='ocrx_word' id='word_1_3' title='bbox 1496 219 1540 253; x_wconf 83' lang='lat'>73</span> 
     </span>
    </p>
   </div>
   <div class='ocr_carea' id='block_1_2' title="bbox 614 397 1076 443">
    <p class='ocr_par' dir='ltr' id='par_1_2' title="bbox 614 397 1076 443">
     <span class='ocr_line' id='line_1_2' title="bbox 614 397 1076 443; baseline -0.009 -1"><span class='ocrx_word' id='word_1_4' title='bbox 614 397 944 443; x_wconf 68' lang='lat' dir='ltr'>(IAPITULUNI</span> <span class='ocrx_word' id='word_1_5' title='bbox 980 397 1076 439; x_wconf 87' lang='lat' dir='ltr'>XX.</span> 
     </span>
    </p>
   </div>
   <div class='ocr_carea' id='block_1_3' title="bbox 147 518 1547 682">
    <p class='ocr_par' dir='ltr' id='par_1_3' title="bbox 147 518 1547 682">
     <span class='ocr_line' id='line_1_3' title="bbox 147 518 1546 574; baseline -0.008 -12"><span class='ocrx_word' id='word_1_6' title='bbox 147 530 196 562; x_wconf 87' lang='lat' dir='ltr'>De</span> <span class='ocrx_word' id='word_1_7' title='bbox 222 528 366 563; x_wconf 79' lang='lat' dir='ltr'>exordio</span> <span class='ocrx_word' id='word_1_8' title='bbox 393 529 598 574; x_wconf 56' lang='lat' dir='ltr'>grax‘issimae</span> <span class='ocrx_word' id='word_1_9' title='bbox 624 525 801 559; x_wconf 73' lang='lat' dir='ltr'>seditionis</span> <span class='ocrx_word' id='word_1_10' title='bbox 824 532 926 568; x_wconf 78' lang='lat' dir='ltr'>atque</span> <span class='ocrx_word' id='word_1_11' title='bbox 953 522 1176 564; x_wconf 82' lang='lat' dir='ltr'>calamitatis,</span> <span class='ocrx_word' id='word_1_12' title='bbox 1202 533 1278 566; x_wconf 84' lang='lat' dir='ltr'>quae</span> <span class='ocrx_word' id='word_1_13' title='bbox 1305 518 1387 553; x_wconf 86' lang='lat' dir='ltr'>inde</span> <span class='ocrx_word' id='word_1_14' title='bbox 1418 519 1546 552; x_wconf 80' lang='lat' dir='ltr'>civitati</span> 
     </span>
     <span class='ocr_line' id='line_1_4' title="bbox 191 574 1547 629; baseline -0.008 -12"><span class='ocrx_word' id='word_1_15' title='bbox 191 585 402 629; x_wconf 76' lang='lat' dir='ltr'>Trajectensi</span> <span class='ocrx_word' id='word_1_16' title='bbox 421 583 579 629; x_wconf 83' lang='lat' dir='ltr'>provenit</span> <span class='ocrx_word' id='word_1_17' title='bbox 596 597 604 624; x_wconf 93' lang='lat'>;</span> <span class='ocrx_word' id='word_1_18' title='bbox 623 590 653 614; x_wconf 82' lang='lat' dir='ltr'>et</span> <span class='ocrx_word' id='word_1_19' title='bbox 673 580 715 613; x_wconf 85' lang='lat' dir='ltr'>de</span> <span class='ocrx_word' id='word_1_20' title='bbox 732 579 892 625; x_wconf 77' lang='lat' dir='ltr'>captione</span> <span class='ocrx_word' id='word_1_21' title='bbox 909 577 1032 624; x_wconf 84' lang='lat' dir='ltr'>oppidi</span> <span class='ocrx_word' id='word_1_22' title='bbox 1051 577 1183 621; x_wconf 84' lang='lat' dir='ltr'>Leidis,</span> <span class='ocrx_word' id='word_1_23' title='bbox 1205 577 1240 609; x_wconf 90' lang='lat' dir='ltr'>in</span> <span class='ocrx_word' id='word_1_24' title='bbox 1260 574 1447 609; x_wconf 82' lang='lat' dir='ltr'>Hollandia</span> <span class='ocrx_word' id='word_1_25' title='bbox 1459 601 1467 616; x_wconf 94' lang='lat'>,</span> <span class='ocrx_word' id='word_1_26' title='bbox 1486 587 1547 620; x_wconf 80' lang='lat' dir='ltr'>per</span> 
     </span>
     <span class='ocr_line' id='line_1_5' title="bbox 192 634 1109 682; baseline -0.005 -9"><span class='ocrx_word' id='word_1_27' title='bbox 192 641 324 674; x_wconf 79' lang='lat' dir='ltr'><strong>exsules</strong></span> <span class='ocrx_word' id='word_1_28' title='bbox 340 639 570 681; x_wconf 84' lang='lat' dir='ltr'>Hoeckenses,</span> <span class='ocrx_word' id='word_1_29' title='bbox 590 646 621 671; x_wconf 88' lang='lat' dir='ltr'>et</span> <span class='ocrx_word' id='word_1_30' title='bbox 638 635 791 682; x_wconf 80' lang='lat' dir='ltr'>ejusdem</span> <span class='ocrx_word' id='word_1_31' title='bbox 808 634 1071 680; x_wconf 74' lang='lat' dir='ltr'>recuperatione</span> <span class='ocrx_word' id='word_1_32' title='bbox 1083 634 1109 668; x_wconf 88' lang='lat'>¹.</span> 
     </span>
    </p>
   </div>
   <div class='ocr_carea' id='block_1_4' title="bbox 105 735 1549 2255">
    <p class='ocr_par' dir='ltr' id='par_1_4' title="bbox 144 735 1545 1033">
     <span class='ocr_line' id='line_1_6' title="bbox 214 735 1545 800; baseline -0.007 -12"><span class='ocrx_word' id='word_1_33' title='bbox 214 746 315 787; x_wconf 82' lang='lat' dir='ltr'>Non</span> <span class='ocrx_word' id='word_1_34' title='bbox 338 742 478 787; x_wconf 86' lang='lat' dir='ltr'>etiam</span> <span class='ocrx_word' id='word_1_35' title='bbox 500 740 780 786; x_wconf 77' lang='lat' dir='ltr'>arbitramur</span> <span class='ocrx_word' id='word_1_36' title='bbox 806 738 988 783; x_wconf 89' lang='lat' dir='ltr'>silentio</span> <span class='ocrx_word' id='word_1_37' title='bbox 1014 735 1391 800; x_wconf 75' lang='lat' dir='ltr'>praetereundum</span> <span class='ocrx_word' id='word_1_38' title='bbox 1406 737 1419 758; x_wconf 84' lang='lat'>²</span> <span class='ocrx_word' id='word_1_39' title='bbox 1442 735 1545 780; x_wconf 87' lang='lat' dir='ltr'>tris-</span> 
     </span>
     <span class='ocr_line' id='line_1_7' title="bbox 149 811 1543 873; baseline -0.006 -9"><span class='ocrx_word' id='word_1_40' title='bbox 149 829 241 866; x_wconf 91' lang='lat' dir='ltr'>tem</span> <span class='ocrx_word' id='word_1_41' title='bbox 295 829 340 864; x_wconf 88' lang='lat' dir='ltr'>et</span> <span class='ocrx_word' id='word_1_42' title='bbox 374 818 624 863; x_wconf 89' lang='lat' dir='ltr'>infaustum</span> <span class='ocrx_word' id='word_1_43' title='bbox 675 824 895 860; x_wconf 84' lang='lat' dir='ltr'>eventum</span> <span class='ocrx_word' id='word_1_44' title='bbox 936 814 1231 873; x_wconf 65' lang='lat' dir='ltr'>tumultuosae</span> <span class='ocrx_word' id='word_1_45' title='bbox 1278 811 1543 870; x_wconf 77' lang='lat' dir='ltr'>seditionis,</span> 
     </span>
     <span class='ocr_line' id='line_1_8' title="bbox 144 889 1543 957; baseline -0.005 -17"><span class='ocrx_word' id='word_1_46' title='bbox 144 912 246 957; x_wconf 71' lang='lat' dir='ltr'>quae</span> <span class='ocrx_word' id='word_1_47' title='bbox 278 910 331 940; x_wconf 91' lang='lat' dir='ltr'>ea</span> <span class='ocrx_word' id='word_1_48' title='bbox 369 902 637 956; x_wconf 82' lang='lat' dir='ltr'>tempestate</span> <span class='ocrx_word' id='word_1_49' title='bbox 672 891 889 952; x_wconf 75' lang='lat' dir='ltr'>contigit³</span> <span class='ocrx_word' id='word_1_50' title='bbox 917 891 964 936; x_wconf 92' lang='lat' dir='ltr'>in</span> <span class='ocrx_word' id='word_1_51' title='bbox 991 891 1173 936; x_wconf 78' lang='lat' dir='ltr'>civitate</span> <span class='ocrx_word' id='word_1_52' title='bbox 1207 889 1543 951; x_wconf 59' lang='lat' dir='ltr'>TraJectense²,</span> 
     </span>
     <span class='ocr_line' id='line_1_9' title="bbox 146 967 895 1033; baseline -0.005 -17"><span class='ocrx_word' id='word_1_53' title='bbox 146 987 288 1033; x_wconf 85' lang='lat' dir='ltr'>quam</span> <span class='ocrx_word' id='word_1_54' title='bbox 314 980 425 1015; x_wconf 87' lang='lat' dir='ltr'>tunc</span> <span class='ocrx_word' id='word_1_55' title='bbox 449 969 532 1032; x_wconf 90' lang='lat' dir='ltr'>ipsi</span> <span class='ocrx_word' id='word_1_56' title='bbox 558 967 895 1014; x_wconf 87' lang='lat' dir='ltr'>incolebamus.</span> 
     </span>
    </p>

    <p class='ocr_par' dir='ltr' id='par_1_5' title="bbox 105 1041 1549 2255">
     <span class='ocr_line' id='line_1_10' title="bbox 212 1041 1548 1107; baseline -0.004 -17"><span class='ocrx_word' id='word_1_57' title='bbox 212 1050 275 1092; x_wconf 88' lang='lat' dir='ltr'>Ea</span> <span class='ocrx_word' id='word_1_58' title='bbox 298 1047 458 1091; x_wconf 91' lang='lat' dir='ltr'>civitas</span> <span class='ocrx_word' id='word_1_59' title='bbox 488 1054 628 1107; x_wconf 86' lang='lat' dir='ltr'>caput</span> <span class='ocrx_word' id='word_1_60' title='bbox 653 1044 765 1089; x_wconf 88' lang='lat' dir='ltr'>olim</span> <span class='ocrx_word' id='word_1_61' title='bbox 794 1053 840 1088; x_wconf 85' lang='lat' dir='ltr'>et</span> <span class='ocrx_word' id='word_1_62' title='bbox 871 1043 997 1089; x_wconf 70' lang='lat' dir='ltr'>velut</span> <span class='ocrx_word' id='word_1_63' title='bbox 1028 1053 1174 1089; x_wconf 89' lang='lat' dir='ltr'>mater</span> <span class='ocrx_word' id='word_1_64' title='bbox 1200 1042 1369 1088; x_wconf 85' lang='lat' dir='ltr'>exstitit</span> <span class='ocrx_word' id='word_1_65' title='bbox 1408 1041 1548 1086; x_wconf 86' lang='lat' dir='ltr'>totius</span> 
     </span>
     <span class='ocr_line' id='line_1_11' title="bbox 145 1117 1549 1183; baseline -0.001 -18"><span class='ocrx_word' id='word_1_66' title='bbox 145 1123 319 1181; x_wconf 79' lang='lat' dir='ltr'>Frisiae,</span> <span class='ocrx_word' id='word_1_67' title='bbox 345 1133 391 1167; x_wconf 87' lang='lat' dir='ltr'>et</span> <span class='ocrx_word' id='word_1_68' title='bbox 416 1122 489 1167; x_wconf 80' lang='lat' dir='ltr'>his</span> <span class='ocrx_word' id='word_1_69' title='bbox 513 1120 668 1166; x_wconf 88' lang='lat' dir='ltr'>adhuc</span> <span class='ocrx_word' id='word_1_70' title='bbox 688 1119 995 1182; x_wconf 79' lang='lat' dir='ltr'>temporibus,</span> <span class='ocrx_word' id='word_1_71' title='bbox 1018 1121 1065 1165; x_wconf 93' lang='lat' dir='ltr'>in</span> <span class='ocrx_word' id='word_1_72' title='bbox 1091 1117 1405 1183; x_wconf 75' lang='lat' dir='ltr'>spiritualibus</span> <span class='ocrx_word' id='word_1_73' title='bbox 1427 1134 1549 1180; x_wconf 92' lang='lat' dir='ltr'>pon-</span> 
     </span>
     <span class='ocr_line' id='line_1_12' title="bbox 145 1196 1546 1262; baseline -0.002 -19"><span class='ocrx_word' id='word_1_74' title='bbox 145 1199 252 1245; x_wconf 75' lang='lat' dir='ltr'>tifex</span> <span class='ocrx_word' id='word_1_75' title='bbox 276 1209 320 1244; x_wconf 88' lang='lat' dir='ltr'>et</span> <span class='ocrx_word' id='word_1_76' title='bbox 344 1199 560 1262; x_wconf 86' lang='lat' dir='ltr'>princeps</span> <span class='ocrx_word' id='word_1_77' title='bbox 587 1216 608 1240; x_wconf 88' lang='lat'>«</span> <span class='ocrx_word' id='word_1_78' title='bbox 636 1213 714 1242; x_wconf 85' lang='lat' dir='ltr'>rex</span> <span class='ocrx_word' id='word_1_79' title='bbox 739 1196 864 1241; x_wconf 90' lang='lat' dir='ltr'>idem</span> <span class='ocrx_word' id='word_1_80' title='bbox 895 1196 1147 1241; x_wconf 86' lang='lat' dir='ltr'>hominum</span> <span class='ocrx_word' id='word_1_81' title='bbox 1176 1196 1438 1256; x_wconf 83' lang='lat' dir='ltr'>Christique</span> <span class='ocrx_word' id='word_1_82' title='bbox 1474 1211 1546 1240; x_wconf 86' lang='lat' dir='ltr'>sa-</span> 
     </span>
     <span class='ocr_line' id='line_1_13' title="bbox 143 1272 1547 1336; baseline -0.003 -17"><span class='ocrx_word' id='word_1_83' title='bbox 143 1276 309 1321; x_wconf 90' lang='lat' dir='ltr'>cerdos</span> <span class='ocrx_word' id='word_1_84' title='bbox 337 1296 358 1317; x_wconf 83' lang='grc'><em>»</em></span> <span class='ocrx_word' id='word_1_85' title='bbox 385 1275 595 1336; x_wconf 87' lang='lat' dir='ltr'>ejusdem</span> <span class='ocrx_word' id='word_1_86' title='bbox 626 1275 778 1319; x_wconf 82' lang='lat' dir='ltr'>Frisiae</span> <span class='ocrx_word' id='word_1_87' title='bbox 801 1283 939 1334; x_wconf 82' lang='lat' dir='ltr'>atque</span> <span class='ocrx_word' id='word_1_88' title='bbox 972 1273 1230 1318; x_wconf 81' lang='lat' dir='ltr'>Hollandiae</span> <span class='ocrx_word' id='word_1_89' title='bbox 1253 1272 1547 1335; x_wconf 59' lang='lat' dir='ltr'>praesulatum</span> 
     </span>
     <span class='ocr_line' id='line_1_14' title="bbox 105 1347 1547 1411; baseline -0.002 -16"><span class='ocrx_word' id='word_1_90' title='bbox 105 1360 112 1363; x_wconf 78' lang='grc'><em>“</em></span> <span class='ocrx_word' id='word_1_91' title='bbox 144 1360 295 1409; x_wconf 89' lang='lat' dir='ltr'>tenet,</span> <span class='ocrx_word' id='word_1_92' title='bbox 334 1352 482 1397; x_wconf 78' lang='lat' dir='ltr'>latum</span> <span class='ocrx_word' id='word_1_93' title='bbox 515 1352 655 1396; x_wconf 87' lang='lat' dir='ltr'>etiam</span> <span class='ocrx_word' id='word_1_94' title='bbox 692 1349 872 1395; x_wconf 88' lang='lat' dir='ltr'>habens</span> <span class='ocrx_word' id='word_1_95' title='bbox 908 1349 1152 1411; x_wconf 88' lang='lat' dir='ltr'>proprium</span> <span class='ocrx_word' id='word_1_96' title='bbox 1189 1357 1234 1393; x_wconf 89' lang='lat' dir='ltr'>et</span> <span class='ocrx_word' id='word_1_97' title='bbox 1263 1347 1547 1411; x_wconf 78' lang='lat' dir='ltr'>peculiarem</span> 
     </span>
     <span class='ocr_line' id='line_1_15' title="bbox 144 1423 1548 1489; baseline -0.002 -17"><span class='ocrx_word' id='word_1_98' title='bbox 144 1428 458 1489; x_wconf 83' lang='lat' dir='ltr'>principatum</span> <span class='ocrx_word' id='word_1_99' title='bbox 492 1426 745 1489; x_wconf 88' lang='lat' dir='ltr'>episcopali</span> <span class='ocrx_word' id='word_1_100' title='bbox 782 1425 1092 1486; x_wconf 88' lang='lat' dir='ltr'>conjunctum</span> <span class='ocrx_word' id='word_1_101' title='bbox 1126 1423 1357 1486; x_wconf 82' lang='lat' dir='ltr'>dignitati.</span> <span class='ocrx_word' id='word_1_102' title='bbox 1402 1425 1548 1487; x_wconf 86' lang='lat' dir='ltr'>Ipsius</span> 
     </span>
     <span class='ocr_line' id='line_1_16' title="bbox 142 1500 1548 1562; baseline -0.002 -15"><span class='ocrx_word' id='word_1_103' title='bbox 142 1503 338 1548; x_wconf 87' lang='lat' dir='ltr'>civitatis</span> <span class='ocrx_word' id='word_1_104' title='bbox 362 1502 532 1547; x_wconf 75' lang='lat' dir='ltr'>accolae</span> <span class='ocrx_word' id='word_1_105' title='bbox 557 1500 617 1547; x_wconf 87' lang='lat' dir='ltr'>ab</span> <span class='ocrx_word' id='word_1_106' title='bbox 639 1500 834 1562; x_wconf 86' lang='lat' dir='ltr'>antiquo</span> <span class='ocrx_word' id='word_1_107' title='bbox 858 1510 1207 1546; x_wconf 88' lang='lat' dir='ltr'>consueverunt</span> <span class='ocrx_word' id='word_1_108' title='bbox 1228 1501 1346 1546; x_wconf 90' lang='lat' dir='ltr'>inter</span> <span class='ocrx_word' id='word_1_109' title='bbox 1369 1516 1416 1545; x_wconf 90' lang='lat' dir='ltr'>se</span> <span class='ocrx_word' id='word_1_110' title='bbox 1437 1501 1548 1545; x_wconf 90' lang='lat' dir='ltr'>civi-</span> 
     </span>
     <span class='ocr_line' id='line_1_17' title="bbox 141 1577 1547 1640; baseline -0.002 -15"><span class='ocrx_word' id='word_1_111' title='bbox 141 1580 207 1625; x_wconf 88' lang='lat' dir='ltr'>les</span> <span class='ocrx_word' id='word_1_112' title='bbox 236 1579 562 1625; x_wconf 87' lang='lat' dir='ltr'>contentiones</span> <span class='ocrx_word' id='word_1_113' title='bbox 593 1594 806 1624; x_wconf 85' lang='lat' dir='ltr'>exercere</span> <span class='ocrx_word' id='word_1_114' title='bbox 838 1587 884 1623; x_wconf 84' lang='lat' dir='ltr'>et</span> <span class='ocrx_word' id='word_1_115' title='bbox 915 1577 1114 1636; x_wconf 84' lang='lat' dir='ltr'>habere,</span> <span class='ocrx_word' id='word_1_116' title='bbox 1142 1577 1547 1640; x_wconf 80' lang='lat' dir='ltr'>quemadmodum</span> 
     </span>
     <span class='ocr_line' id='line_1_18' title="bbox 140 1654 1548 1720; baseline -0.002 -18"><span class='ocrx_word' id='word_1_117' title='bbox 140 1657 275 1720; x_wconf 90' lang='lat' dir='ltr'>plura</span> <span class='ocrx_word' id='word_1_118' title='bbox 300 1657 419 1702; x_wconf 88' lang='lat' dir='ltr'>inter</span> <span class='ocrx_word' id='word_1_119' title='bbox 438 1671 535 1701; x_wconf 88' lang='lat' dir='ltr'>sese</span> <span class='ocrx_word' id='word_1_120' title='bbox 559 1655 700 1701; x_wconf 88' lang='lat' dir='ltr'>etiam</span> <span class='ocrx_word' id='word_1_121' title='bbox 722 1654 900 1700; x_wconf 87' lang='lat' dir='ltr'>habent</span> <span class='ocrx_word' id='word_1_122' title='bbox 922 1655 1098 1717; x_wconf 91' lang='lat' dir='ltr'>oppida</span> <span class='ocrx_word' id='word_1_123' title='bbox 1123 1665 1169 1700; x_wconf 86' lang='lat' dir='ltr'>et</span> <span class='ocrx_word' id='word_1_124' title='bbox 1191 1654 1416 1718; x_wconf 85' lang='lat' dir='ltr'>oppidani</span> <span class='ocrx_word' id='word_1_125' title='bbox 1440 1654 1548 1699; x_wconf 92' lang='lat' dir='ltr'>Hol-</span> 
     </span>
     <span class='ocr_line' id='line_1_19' title="bbox 140 1731 1540 1793; baseline -0.001 -16"><span class='ocrx_word' id='word_1_126' title='bbox 140 1733 307 1779; x_wconf 77' lang='lat' dir='ltr'>landiae</span> <span class='ocrx_word' id='word_1_127' title='bbox 343 1741 483 1793; x_wconf 85' lang='lat' dir='ltr'>atque</span> <span class='ocrx_word' id='word_1_128' title='bbox 524 1732 783 1777; x_wconf 78' lang='lat' dir='ltr'>vicinarum</span> <span class='ocrx_word' id='word_1_129' title='bbox 824 1740 1080 1786; x_wconf 80' lang='lat' dir='ltr'>terrarum3</span> <span class='ocrx_word' id='word_1_130' title='bbox 1119 1747 1222 1792; x_wconf 77' lang='lat' dir='ltr'>quae</span> <span class='ocrx_word' id='word_1_131' title='bbox 1257 1731 1305 1776; x_wconf 92' lang='lat' dir='ltr'>in</span> <span class='ocrx_word' id='word_1_132' title='bbox 1336 1740 1540 1786; x_wconf 77' lang='lat' dir='ltr'>tantum,</span> 
     </span>
     <span class='ocr_line' id='line_1_20' title="bbox 142 1807 1546 1872; baseline -0.001 -18"><span class='ocrx_word' id='word_1_133' title='bbox 142 1819 422 1872; x_wconf 86' lang='lat' dir='ltr'>procurante</span> <span class='ocrx_word' id='word_1_134' title='bbox 452 1809 644 1854; x_wconf 90' lang='lat' dir='ltr'>inimico</span> <span class='ocrx_word' id='word_1_135' title='bbox 684 1807 957 1867; x_wconf 89' lang='lat' dir='ltr'>hominum,</span> <span class='ocrx_word' id='word_1_136' title='bbox 993 1817 1146 1853; x_wconf 84' lang='lat' dir='ltr'>satore</span> <span class='ocrx_word' id='word_1_137' title='bbox 1184 1808 1472 1854; x_wconf 87' lang='lat' dir='ltr'>zizaniorum</span> <span class='ocrx_word' id='word_1_138' title='bbox 1502 1819 1546 1853; x_wconf 88' lang='lat' dir='ltr'>et</span> 
     </span>
     <span class='ocr_line' id='line_1_21' title="bbox 142 1883 1546 1943; baseline -0.001 -12"><span class='ocrx_word' id='word_1_139' title='bbox 142 1885 507 1942; x_wconf 77' lang='lat' dir='ltr'>discordiarum,</span> <span class='ocrx_word' id='word_1_140' title='bbox 533 1885 581 1930; x_wconf 92' lang='lat' dir='ltr'>in</span> <span class='ocrx_word' id='word_1_141' title='bbox 607 1886 740 1930; x_wconf 86' lang='lat' dir='ltr'>terris</span> <span class='ocrx_word' id='word_1_142' title='bbox 765 1885 853 1930; x_wconf 90' lang='lat' dir='ltr'>illis</span> <span class='ocrx_word' id='word_1_143' title='bbox 882 1884 1146 1943; x_wconf 79' lang='lat' dir='ltr'>invaluere,</span> <span class='ocrx_word' id='word_1_144' title='bbox 1176 1893 1227 1929; x_wconf 87' lang='lat' dir='ltr'>ut</span> <span class='ocrx_word' id='word_1_145' title='bbox 1249 1883 1546 1930; x_wconf 87' lang='lat' dir='ltr'>acerbissima</span> 
     </span>
     <span class='ocr_line' id='line_1_22' title="bbox 143 1960 1545 2025; baseline -0.001 -17"><span class='ocrx_word' id='word_1_146' title='bbox 143 1979 289 2024; x_wconf 83' lang='lat' dir='ltr'>usque</span> <span class='ocrx_word' id='word_1_147' title='bbox 313 1972 359 2008; x_wconf 89' lang='lat' dir='ltr'>et</span> <span class='ocrx_word' id='word_1_148' title='bbox 376 1979 508 2025; x_wconf 84' lang='lat' dir='ltr'>paene</span> <span class='ocrx_word' id='word_1_149' title='bbox 533 1960 850 2025; x_wconf 89' lang='lat' dir='ltr'>implacabilia</span> <span class='ocrx_word' id='word_1_150' title='bbox 872 1961 982 2006; x_wconf 90' lang='lat' dir='ltr'>odia</span> <span class='ocrx_word' id='word_1_151' title='bbox 1004 1961 1341 2024; x_wconf 75' lang='lat' dir='ltr'>processerint,</span> <span class='ocrx_word' id='word_1_152' title='bbox 1369 1960 1545 2007; x_wconf 89' lang='lat' dir='ltr'>nedum</span> 
     </span>
     <span class='ocr_line' id='line_1_23' title="bbox 142 2037 1544 2102; baseline 0 -19"><span class='ocrx_word' id='word_1_153' title='bbox 142 2040 260 2084; x_wconf 87' lang='lat' dir='ltr'>inter</span> <span class='ocrx_word' id='word_1_154' title='bbox 289 2056 336 2085; x_wconf 92' lang='lat' dir='ltr'>se</span> <span class='ocrx_word' id='word_1_155' title='bbox 366 2039 652 2102; x_wconf 90' lang='lat' dir='ltr'>oppidorum</span> <span class='ocrx_word' id='word_1_156' title='bbox 678 2048 758 2086; x_wconf 87' lang='lat' dir='ltr'>aut</span> <span class='ocrx_word' id='word_1_157' title='bbox 782 2039 921 2084; x_wconf 89' lang='lat' dir='ltr'>unius</span> <span class='ocrx_word' id='word_1_158' title='bbox 945 2038 1108 2101; x_wconf 90' lang='lat' dir='ltr'>oppidi</span> <span class='ocrx_word' id='word_1_159' title='bbox 1131 2037 1307 2083; x_wconf 88' lang='lat' dir='ltr'>civium</span> <span class='ocrx_word' id='word_1_160' title='bbox 1325 2040 1354 2097; x_wconf 85' lang='lat'>⁵,</span> <span class='ocrx_word' id='word_1_161' title='bbox 1381 2054 1544 2084; x_wconf 71' lang='lat' dir='ltr'>verum</span> 
     </span>
     <span class='ocr_line' id='line_1_24' title="bbox 141 2113 1546 2176; baseline -0.001 -16"><span class='ocrx_word' id='word_1_162' title='bbox 141 2116 278 2161; x_wconf 88' lang='lat' dir='ltr'>etiam</span> <span class='ocrx_word' id='word_1_163' title='bbox 319 2116 437 2161; x_wconf 89' lang='lat' dir='ltr'>inter</span> <span class='ocrx_word' id='word_1_164' title='bbox 472 2116 609 2160; x_wconf 88' lang='lat' dir='ltr'>unius</span> <span class='ocrx_word' id='word_1_165' title='bbox 643 2114 814 2160; x_wconf 91' lang='lat' dir='ltr'>domus</span> <span class='ocrx_word' id='word_1_166' title='bbox 850 2124 895 2159; x_wconf 88' lang='lat' dir='ltr'>et</span> <span class='ocrx_word' id='word_1_167' title='bbox 927 2113 1110 2159; x_wconf 81' lang='lat' dir='ltr'>familiae</span> <span class='ocrx_word' id='word_1_168' title='bbox 1141 2114 1546 2176; x_wconf 89' lang='lat' dir='ltr'>conjunctissimas</span> 
     </span>
     <span class='ocr_line' id='line_1_25' title="bbox 141 2191 1541 2255; baseline -0.001 -18"><span class='ocrx_word' id='word_1_169' title='bbox 141 2209 378 2255; x_wconf 88' lang='lat' dir='ltr'>personas.</span> <span class='ocrx_word' id='word_1_170' title='bbox 405 2196 482 2239; x_wconf 86' lang='lat' dir='ltr'>Est</span> <span class='ocrx_word' id='word_1_171' title='bbox 494 2195 621 2239; x_wconf 88' lang='lat' dir='ltr'>enim</span> <span class='ocrx_word' id='word_1_172' title='bbox 644 2193 736 2238; x_wconf 87' lang='lat' dir='ltr'>illic</span> <span class='ocrx_word' id='word_1_173' title='bbox 751 2192 909 2238; x_wconf 86' lang='lat' dir='ltr'>videre</span> <span class='ocrx_word' id='word_1_174' title='bbox 930 2201 1112 2255; x_wconf 87' lang='lat' dir='ltr'>patrem</span> <span class='ocrx_word' id='word_1_175' title='bbox 1129 2191 1351 2237; x_wconf 84' lang='lat' dir='ltr'>adversus</span> <span class='ocrx_word' id='word_1_176' title='bbox 1368 2191 1541 2251; x_wconf 84' lang='lat' dir='ltr'>filium,</span> 
     </span>
    </p>
   </div>
   <div class='ocr_carea' id='block_1_5' title="bbox 142 2318 1546 2550">
    <p class='ocr_par' dir='ltr' id='par_1_6' title="bbox 142 2318 1542 2432">
     <span class='ocr_line' id='line_1_26' title="bbox 195 2318 1542 2371; baseline -0.001 -15"><span class='ocrx_word' id='word_1_177' title='bbox 195 2322 230 2358; x_wconf 79' lang='lat'>1.</span> <span class='ocrx_word' id='word_1_178' title='bbox 261 2320 435 2371; x_wconf 85' lang='lat' dir='ltr'>Chapitre</span> <span class='ocrx_word' id='word_1_179' title='bbox 451 2321 625 2371; x_wconf 74' lang='lat' dir='ltr'>imprime</span> <span class='ocrx_word' id='word_1_180' title='bbox 646 2321 738 2358; x_wconf 85' lang='lat' dir='ltr'>dans</span> <span class='ocrx_word' id='word_1_181' title='bbox 757 2321 1026 2369; x_wconf 80' lang='lat' dir='ltr'>l&#39;Amplissima</span> <span class='ocrx_word' id='word_1_182' title='bbox 1037 2322 1215 2366; x_wconf 76' lang='lat' dir='ltr'>collectio,</span> <span class='ocrx_word' id='word_1_183' title='bbox 1236 2328 1262 2355; x_wconf 86' lang='lat' dir='ltr'>t.</span> <span class='ocrx_word' id='word_1_184' title='bbox 1278 2321 1343 2365; x_wconf 84' lang='lat' dir='ltr'>IV,</span> <span class='ocrx_word' id='word_1_185' title='bbox 1360 2318 1435 2355; x_wconf 89' lang='lat' dir='ltr'>col.</span> <span class='ocrx_word' id='word_1_186' title='bbox 1453 2320 1542 2361; x_wconf 76' lang='lat'>793,</span> 
     </span>
     <span class='ocr_line' id='line_1_27' title="bbox 142 2381 1161 2432; baseline 0.002 -16"><span class='ocrx_word' id='word_1_187' title='bbox 142 2389 177 2416; x_wconf 81' lang='lat' dir='ltr'>et</span> <span class='ocrx_word' id='word_1_188' title='bbox 196 2381 287 2418; x_wconf 87' lang='lat' dir='ltr'>dans</span> <span class='ocrx_word' id='word_1_189' title='bbox 305 2382 359 2419; x_wconf 88' lang='lat' dir='ltr'>les</span> <span class='ocrx_word' id='word_1_190' title='bbox 379 2386 561 2419; x_wconf 81' lang='lat' dir='ltr'>Analecta</span> <span class='ocrx_word' id='word_1_191' title='bbox 578 2383 625 2419; x_wconf 91' lang='lat' dir='ltr'>de</span> <span class='ocrx_word' id='word_1_192' title='bbox 645 2382 857 2429; x_wconf 67' lang='lat' dir='ltr'>Matthaeus,</span> <span class='ocrx_word' id='word_1_193' title='bbox 881 2391 908 2420; x_wconf 87' lang='lat' dir='ltr'>t.</span> <span class='ocrx_word' id='word_1_194' title='bbox 928 2384 986 2427; x_wconf 83' lang='grc' dir='ltr'>ΙΙ,</span> <span class='ocrx_word' id='word_1_195' title='bbox 1007 2395 1046 2432; x_wconf 93' lang='lat' dir='ltr'>p.</span> <span class='ocrx_word' id='word_1_196' title='bbox 1071 2383 1161 2419; x_wconf 67' lang='lat'>145.</span> 
     </span>
    </p>

    <p class='ocr_par' dir='ltr' id='par_1_7' title="bbox 144 2443 1546 2550">
     <span class='ocr_line' id='line_1_28' title="bbox 196 2443 1546 2494; baseline -0.001 -16"><span class='ocrx_word' id='word_1_197' title='bbox 196 2446 231 2479; x_wconf 73' lang='grc' dir='ltr'>ΕΞ.</span> <span class='ocrx_word' id='word_1_198' title='bbox 264 2444 474 2490; x_wconf 66' lang='lat' dir='ltr'>Matthaeus,</span> <span class='ocrx_word' id='word_1_199' title='bbox 493 2447 864 2493; x_wconf 77' lang='lat' dir='ltr'>praetermittemlmn,</span> <span class='ocrx_word' id='word_1_200' title='bbox 887 2457 972 2482; x_wconf 72' lang='lat' dir='ltr'>sans</span> <span class='ocrx_word' id='word_1_201' title='bbox 990 2444 1044 2481; x_wconf 74' lang='lat' dir='ltr'>los</span> <span class='ocrx_word' id='word_1_202' title='bbox 1064 2443 1247 2494; x_wconf 70' lang='lat' dir='ltr'>epithetes</span> <span class='ocrx_word' id='word_1_203' title='bbox 1269 2447 1406 2479; x_wconf 77' lang='lat' dir='ltr'>tristem</span> <span class='ocrx_word' id='word_1_204' title='bbox 1424 2451 1458 2477; x_wconf 85' lang='lat' dir='ltr'>et</span> <span class='ocrx_word' id='word_1_205' title='bbox 1484 2446 1546 2477; x_wconf 78' lang='lat' dir='ltr'>in-</span> 
     </span>
     <span class='ocr_line' id='line_1_29' title="bbox 144 2506 319 2550; baseline 0.023 -12"><span class='ocrx_word' id='word_1_206' title='bbox 144 2506 304 2550; x_wconf 76' lang='lat' dir='ltr'>faustum</span> <span class='ocrx_word' id='word_1_207' title='bbox 312 2534 319 2542; x_wconf 92' lang='lat'><strong>.</strong></span> 
     </span>
    </p>
   </div>
   <div class='ocr_carea' id='block_1_6' title="bbox 197 2570 757 2738">
    <p class='ocr_par' dir='ltr' id='par_1_8' title="bbox 197 2570 757 2738">
     <span class='ocr_line' id='line_1_30' title="bbox 198 2570 757 2620; baseline 0.007 -17"><span class='ocrx_word' id='word_1_208' title='bbox 198 2570 233 2604; x_wconf 82' lang='lat'>3.</span> <span class='ocrx_word' id='word_1_209' title='bbox 264 2570 475 2612; x_wconf 75' lang='lat' dir='ltr'>Mattllaeus,</span> <span class='ocrx_word' id='word_1_210' title='bbox 502 2570 757 2620; x_wconf 63' lang='lat' dir='ltr'>grassabatur.</span> 
     </span>
     <span class='ocr_line' id='line_1_31' title="bbox 197 2629 435 2668; baseline 0.008 -3"><span class='ocrx_word' id='word_1_211' title='bbox 197 2629 234 2666; x_wconf 70' lang='lat'>4.</span> <span class='ocrx_word' id='word_1_212' title='bbox 265 2631 435 2668; x_wconf 85' lang='lat' dir='ltr'>Utrecht.</span> 
     </span>
     <span class='ocr_line' id='line_1_32' title="bbox 201 2691 602 2738; baseline 0.01 -12"><span class='ocrx_word' id='word_1_213' title='bbox 201 2691 235 2727; x_wconf 83' lang='grc'>5,</span> <span class='ocrx_word' id='word_1_214' title='bbox 268 2692 478 2738; x_wconf 76' lang='lat' dir='ltr'>Matthaeus‚</span> <span class='ocrx_word' id='word_1_215' title='bbox 498 2695 602 2730; x_wconf 75' lang='lat' dir='ltr'>cives.</span> 
     </span>
    </p>
   </div>
  </div>
 </body>
</html>
