1875 2956
710 220 855 255 LIBER
883 219 1080 256 SEXTUS.
1526 223 1539 256 1
1558 224 1598 258 19

205 322 347 368 quam
369 306 562 352 victoria
586 306 710 352 fuere
730 307 863 370 potiti
885 341 896 363 ,
920 306 1154 352 civitatem
1182 304 1447 367 petiissent,
1476 308 1602 354 nulla
1650 363 1654 379 ἵ

205 383 324 429 facta
378 383 657 441 resistentia,
715 383 1004 429 deditionem
1048 381 1172 426 cives
1220 380 1447 426 fecissent.
1505 385 1603 428 Hoc

203 459 377 522 quippe
400 460 644 505 verisimile
661 460 768 505 satis
787 469 870 515 est,
894 475 1019 515 cum,
1045 457 1252 503 resoluto
1272 457 1458 519 tyranni
1468 458 1599 520 jugo,

203 536 283 598 qui
308 539 493 598 Hoyum
513 536 753 596 aufugiens
772 535 1005 580 civitatem
1029 534 1295 596 reliquerat,
1323 532 1537 579 viderent
1556 551 1603 579 se

202 613 464 659 libertatem
506 612 679 658 habere
730 611 926 657 faciendi
975 610 1294 667 deditionem,
1336 611 1373 655 si
1412 610 1598 656 vellent.

204 693 299 735 Hac
330 691 502 753 quippe
528 705 621 734 una
654 697 871 751 poterant
898 687 997 743 via,
1030 697 1076 732 et
1103 703 1296 732 omnem
1324 696 1502 732 metum
1534 697 1603 749 ty-

202 768 402 813 rannicae
449 765 763 829 oppressionis
800 765 919 809 illius
965 764 1204 825 sacrilegi,
1244 773 1290 809 et
1325 764 1521 809 civitatis
1559 774 1604 809 et

202 844 359 905 patriae
405 859 524 898 suae,
567 857 710 903 quam
750 840 957 902 undique
991 839 1215 886 videbant
1252 840 1426 903 rapinis
1464 849 1603 903 atque

202 918 428 964 incendiis
448 917 691 973 devastari,
710 917 901 962 exitium
923 915 1125 977 effugere
1145 926 1190 962 et
1208 916 1430 962 devitare.
1458 918 1602 960 Porro

202 995 248 1040 id
275 996 467 1040 minime
493 993 829 1040 Brabantiones
853 994 1088 1051 fecerunt3
1112 993 1194 1040 sed
1214 993 1274 1039 ad
1297 993 1387 1039 alia
1409 992 1603 1038 diverte-

200 1081 324 1117 runt.
370 1074 482 1127 Qua*
517 1087 588 1116 res
622 1072 667 1116 et
699 1070 762 1115 illi
798 1070 956 1134 patriae
997 1070 1080 1115 suit
1108 1069 1338 1116 damnosa
1366 1069 1528 1125 valde,
1557 1079 1602 1114 et

199 1158 398 1210 tyranno
439 1148 651 1194 inducias
683 1148 880 1194 contulit
914 1148 975 1194 ad
1013 1164 1157 1194 novas
1200 1148 1359 1211 copias
1388 1163 1441 1193 ac
1481 1147 1600 1192 vires

200 1225 557 1287 comparandas.

616 1406 954 1450 CAPITULUM
1005 1407 1166 1450 XXXI.

196 1539 246 1571 De
260 1537 441 1571 vanissima
457 1550 516 1583 spe
533 1549 637 1582 quam
653 1538 888 1584 Trajectenses
902 1547 1132 1585 reposuerant
1149 1538 1185 1572 in
1201 1539 1332 1572 auxilio
1345 1539 1496 1585 primum
1514 1540 1602 1584 regis

243 1595 472 1636 Francorum,
491 1593 646 1627 secundo
662 1593 760 1627 ducis
778 1594 959 1637 Clivensis,
981 1595 1081 1628 tertio
1103 1594 1186 1628 dicti
1203 1595 1602 1641 sacrilegiArenberglze‚

243 1662 261 1683 a
277 1662 344 1695 qua
360 1651 556 1696 turpissime
574 1650 776 1684 exciderunt
792 1651 817 1683 ¹.

262 1779 572 1841 Trajectenses
595 1789 751 1825 autem
780 1779 860 1842 qui
893 1789 1005 1824 tunc
1029 1779 1418 1825 administrabant
1444 1780 1600 1825 civita-

197 1867 315 1914 tem,
349 1867 394 1902 et
417 1856 573 1901 cuncti
597 1856 865 1902 rebellionis
893 1856 1119 1913 fautores,
1146 1872 1305 1902 rerum
1328 1856 1438 1902 dicti
1462 1858 1600 1903 saeri-

196 1933 283 1994 legi
322 1933 507 1995 tyranni
542 1933 809 1979 Leodiensis
838 1932 1205 1996 opperiebantur
1227 1943 1464 1980 eventum.
1497 1936 1598 1981 Suae

194 2009 320 2054 enim
358 2010 453 2072 spei
486 2025 627 2054 omne
665 2009 1031 2055 stabilimentum
1076 2010 1123 2054 in
1165 2025 1272 2072 rege
1310 2013 1598 2056 Francorum

195 2087 425 2150 primum,
456 2087 520 2131 uti
554 2103 692 2150 supra
727 2087 954 2146 diximus,
988 2096 1319 2150 reposuerant3
1349 2087 1518 2133 deinde
1551 2089 1597 2134 in

197 2163 314 2208 duce
346 2162 576 2221 Clivensi,
615 2163 746 2224 cujus
770 2162 957 2208 fratrem
990 2162 1357 2224 Enghelbertum
1389 2163 1437 2208 in
1462 2180 1598 2209 suum

196 2240 486 2285 defensorem
512 2256 592 2286 seu
625 2239 894 2286 ruwardum
926 2239 1243 2298 adsciverant,
1271 2239 1446 2286 foedere
1478 2240 1597 2287 facto

195 2332 301 2361 cum
339 2317 507 2363 eodem
543 2317 662 2363 duce
699 2318 829 2381 quod
859 2317 923 2362 eis
961 2316 1135 2364 auxilio
1173 2316 1291 2363 foret
1323 2317 1592 2372 adfuturum

196 2395 327 2439 tertio
351 2395 491 2441 etiam
528 2396 575 2440 in
614 2395 735 2440 illius
758 2395 943 2457 tyranni
977 2394 1244 2440 Leodiensis
1265 2396 1592 2458 prosperitate,

196 2471 231 2515 si
253 2472 337 2517 sibi
363 2473 627 2533 obveniret,
653 2473 911 2537 plurimum
936 2472 1262 2532 confidebant,
1283 2471 1597 2535 jactitabatur-

254 2637 284 2669 Ι.
317 2634 489 2684 Chapitre
518 2635 691 2684 imprime
722 2635 813 2671 dans
841 2635 893 2671 les
928 2637 1111 2669 Analecta
1141 2631 1187 2669 de
1218 2631 1412 2669 Matthaeus
1439 2640 1473 2668 et
1505 2632 1596 2669 dans

197 2695 216 2731 Γ
227 2699 320 2744 Αηψ
326 2698 465 2731 lissima
483 2698 659 2731 collatio.
