1875 2956
718 232 861 267 LIBER
889 231 1084 268 PRIMUS.
1530 233 1601 268 309

207 318 411 382 jusmodi
449 318 596 376 color,
636 333 775 380 quenl
815 317 874 363 ad
902 316 1194 363 suadendum
1227 316 1321 377 regi
1359 332 1444 377 pro
1487 317 1607 361 obti-

212 394 366 441 nenda
394 394 653 440 revertendi
690 394 872 439 licentia
904 393 1305 447 obtendebamus,
1353 391 1469 451 regis
1510 394 1610 436 ani-

211 488 340 518 mum
380 472 439 518 ad
485 472 780 517 retinendum
821 487 906 516 nos
946 471 1049 530 illo,
1094 467 1485 534 prosequentibus
1523 468 1610 513 illis

211 549 441 594 sceleratis
485 559 529 593 et
571 548 724 610 impiis
760 547 1061 603 hominibus,
1101 546 1302 591 maxime
1338 543 1605 590 inducebat.

212 628 324 682 Qua}
349 642 420 671 res
448 641 532 688 per
556 641 643 670 nos
668 624 824 685 agnita
856 640 910 668 ex
938 624 1100 669 talium
1132 623 1277 668 relatu
1307 621 1607 679 nuntiorum,

212 701 271 747 ab
334 702 535 747 amicitia
599 700 736 745 nobis
792 699 1182 761 conjunctissimis
1235 698 1606 754 destinatorum,

212 780 374 824 anxios
397 795 482 824 nos
497 777 631 823 valde
648 787 786 838 atquc
812 777 1007 840 pavidos
1034 776 1249 835 faciebat,
1278 785 1613 836 cognoscentes

213 857 351 901 talem
380 856 439 901 ad
471 872 556 901 nos
590 871 745 915 regem
772 871 826 899 ex
853 854 1098 900 calumniis
1128 855 1437 917 pessimorum
1456 853 1610 899 homi-

214 948 327 976 num
350 947 506 992 gerere
536 930 840 976 voluntatem.
879 933 970 975 Nec
1002 930 1213 993 profecto
1237 931 1441 992 quietem
1471 929 1613 974 ullam

213 1009 357 1053 animi
381 1008 451 1053 vel
473 1008 683 1070 corporis
701 1006 900 1052 subinde
921 1008 1130 1053 invenire
1159 1007 1415 1070 potuimus,
1443 1005 1611 1063 donec,

213 1083 455 1129 Sabaudiae
488 1093 630 1129 terras
652 1084 841 1143 ingressi
863 1120 873 1139 ,
904 1084 1029 1128 velut
1060 1099 1217 1146 passer
1243 1092 1426 1145 ereptus
1462 1082 1519 1127 de
1554 1081 1616 1126 la-

214 1160 342 1220 queis
366 1160 661 1217 venantium,
698 1160 857 1205 divina
893 1177 979 1206 nos
1014 1170 1286 1223 protegente
1319 1169 1363 1204 et
1390 1158 1616 1220 dirigente

215 1236 491 1295 clementia,
520 1236 578 1281 de
602 1237 740 1291 tantis
763 1237 982 1299 periculis
1004 1236 1187 1281 liberati
1208 1236 1396 1280 suimus.

280 1316 384 1358 Haec
419 1312 555 1373 igitur
599 1313 843 1358 necessitas
885 1329 971 1357 nos
994 1313 1141 1358 tenuit
1177 1328 1278 1373 qnae
1315 1321 1456 1356 terras
1482 1310 1616 1371 regiae

214 1390 403 1435 ditionis
440 1391 562 1435 exire
597 1390 919 1453 compelleret,
950 1391 986 1435 si
1018 1400 1185 1435 nostrie
1218 1390 1376 1445 saluti,
1411 1389 1446 1434 si
1481 1388 1617 1433 liber-

214 1467 320 1522 tati,
372 1467 407 1510 si
453 1466 552 1510 vitae
590 1467 856 1511 consultum
901 1482 997 1510 esse
1042 1466 1278 1510 vellemus.
1322 1467 1416 1510 Nec
1458 1474 1616 1509 tamen

215 1541 454 1585 omisimus
477 1556 639 1585 curare
668 1550 711 1584 et
745 1550 948 1601 satagere
980 1549 1029 1584 ut
1054 1541 1172 1601 regis
1200 1540 1413 1585 animum
1444 1538 1504 1584 ad
1527 1539 1616 1584 cle-

214 1617 437 1662 mentiam
463 1632 571 1679 erga
609 1632 711 1672 1105,
747 1616 783 1661 si
818 1615 1066 1662 exorabilis
1093 1615 1272 1674 fuisset,
1304 1616 1610 1660 flecteremus.

215 1697 331 1739 Nam
357 1703 401 1738 et
425 1710 508 1756 per
535 1710 670 1738 suum
686 1692 961 1755 praedictum
985 1693 1223 1749 nuntium,
1248 1693 1328 1753 qui
1351 1708 1455 1737 suas
1480 1690 1618 1736 nobis

215 1771 432 1833 epistolas
470 1771 764 1827 reddiderat,
799 1781 842 1816 et
871 1771 1041 1816 deinde
1078 1788 1161 1834 per
1186 1771 1431 1834 proprium
1462 1769 1617 1832 capel-

217 1847 405 1903 lanum,
442 1864 580 1909 quem
614 1847 753 1908 hujus
792 1848 856 1892 rei
896 1849 1039 1908 gratia
1071 1848 1131 1893 ad
1169 1848 1321 1910 ipsum
1358 1857 1403 1892 et
1439 1847 1619 1892 curiam

216 1939 348 1968 suam
383 1924 619 1981 misimus,
648 1924 821 1969 litteras
856 1924 916 1969 ad
947 1940 1055 1969 eum
1079 1924 1346 1987 scripsimus
1378 1923 1509 1968 omni
1533 1923 1618 1967 hu-

216 2000 408 2045 militate
447 2011 493 2045 et
522 2003 776 2046 reverentia
806 2001 988 2064 plenas,
1017 2000 1187 2063 quibus
1210 2001 1479 2064 suppliciter
1508 2016 1619 2045 exo-

217 2075 434 2121 rabamus
451 2077 738 2138 majestatem
762 2093 895 2122 suam
914 2087 1143 2138 quatenus
1169 2093 1256 2122 nos
1273 2077 1333 2122 ad
1353 2086 1497 2122 terras
1519 2075 1619 2121 illas

217 2154 466 2200 Cataloniae
490 2155 655 2199 reverti
687 2155 879 2200 minime
908 2165 1118 2216 urgeret,
1148 2155 1228 2200 sed
1257 2155 1445 2201 licentia
1477 2171 1504 2200 a
1527 2155 1619 2200 cle—

217 2231 389 2276 mentia
420 2247 502 2276 sua
546 2230 682 2276 nobis
714 2231 919 2288 indulta,
949 2232 1006 2277 de
1039 2248 1131 2293 qua
1161 2233 1269 2277 satis
1297 2248 1436 2294 supra
1459 2231 1620 2276 memi-

218 2307 386 2363 nimus,
413 2308 552 2370 potiri
575 2318 619 2353 et
643 2307 844 2369 gaudere
869 2309 1179 2371 permitteret;
1205 2309 1301 2366 vel,
1335 2309 1371 2353 si
1394 2309 1618 2371 placitum
1683 2319 1688 2325 '

220 2400 315 2428 non
343 2395 459 2429 esset
481 2385 633 2430 eidem
657 2402 749 2430 suae
775 2386 1001 2447 majestati
1025 2396 1075 2431 ut
1102 2386 1222 2432 infra
1247 2386 1374 2447 regni
1403 2386 1472 2430 sui
1500 2385 1619 2429 limi·

219 2468 285 2503 tes
308 2476 614 2517 moraremur,
643 2463 849 2507 contenti
884 2478 1067 2508 eramus
1095 2461 1231 2519 alibi,
1269 2478 1349 2507 seu
1379 2462 1426 2506 in
1461 2461 1615 2515 Italia,

221 2551 299 2579 sen
323 2536 368 2579 in
393 2538 666 2592 Germania,
701 2538 927 2599 quamdiu
957 2555 1043 2584 nos
1068 2539 1218 2601 patria
1242 2538 1401 2583 abesse
1431 2537 1471 2581 ei
1495 2536 1621 2581 colli-

221 2611 393 2657 buisset
408 2648 418 2668 ,
448 2613 714 2659 delitescere
738 2625 782 2660 et
803 2616 1017 2660 exsulari.

286 2689 670 2750 Proponebamus
711 2691 848 2736 etiam
895 2692 1202 2737 excusationis
1241 2706 1428 2741 causaS,
1475 2705 1618 2751 quare
