1875 2956
678 226 821 260 LIBER
850 225 1096 262 SEPTIMUS.
1512 230 1584 265 133

189 307 409 368 obsistat,
446 319 491 355 et
521 309 658 372 hujus
694 312 758 356 rei
798 310 1094 373 assequendae
1132 326 1235 373 spes
1270 311 1335 355 eis
1367 311 1581 358 adimat¹.

188 384 323 430 Unde
367 387 555 432 rescissa
588 388 812 450 pensione
862 404 888 432 L
931 387 1130 431 millium
1175 395 1415 431 scutorum
1461 390 1581 445 auri,

186 477 329 523 quam
354 466 640 508 Francorum
660 480 737 509 rex
755 480 838 526 per
860 463 1039 525 aliquot
1061 479 1227 519 annos,
1246 463 1392 525 pactis
1407 463 1527 508 inter
1540 482 1585 509 se

185 538 372 595 habitis,
423 540 642 586 Edoardo
689 540 945 600 Anglorum
983 539 1078 600 regi
1114 539 1396 595 exsolverat,
1446 541 1587 602 coepit

186 615 471 678 pedetentim
497 632 659 677 guerra
682 616 801 660 inter
826 613 969 660 ambo
998 631 1167 676 regna,
1195 632 1296 677 quae
1319 631 1403 678 per
1431 615 1586 677 plures

184 707 335 736 annos
366 693 623 737 intermissa
638 702 681 737 et
699 691 1054 754 quodammodo
1090 692 1241 754 sopita
1274 691 1441 747 fuerat,
1475 692 1586 736 reci-

185 768 291 813 diva
306 769 492 825 exoriri,
517 778 561 813 et
582 785 665 831 per
682 768 852 831 piratas
871 768 982 812 binc
1003 768 1112 813 inde
1130 784 1214 831 per
1236 783 1363 813 mare
1386 767 1581 814 turbari.

183 847 232 888 ln
258 862 352 906 quo
378 845 586 908 profecto
630 845 803 905 Anglici
828 861 854 890 a
889 845 1047 907 piratis
1078 848 1366 890 Francorum
1408 845 1585 907 majora

182 921 355 967 damna
376 958 386 978 ,
409 938 550 984 quam
578 923 676 966 x‘ice
702 938 832 967 versa
855 924 1019 968 Franci
1035 922 1095 969 ab
1121 923 1333 984 Anglicis,
1361 924 1585 969 sustinue-

182 1008 304 1042 runt.
327 1000 445 1043 Cum
465 999 591 1043 enim
614 999 787 1059 Anglici
811 999 1035 1044 insulares
1055 1000 1173 1057 sint,
1199 1015 1384 1045 necesse
1408 998 1585 1045 habent

182 1074 378 1118 nauticis
412 1074 763 1135 trajectionibus
783 1090 864 1120 sua
885 1091 1098 1121 exercere
1117 1076 1428 1133 commercia3
1454 1075 1583 1138 quod

180 1151 243 1193 ita
278 1149 436 1205 Gallis,
471 1151 551 1194 etsi
579 1149 911 1205 commodum,
950 1151 1144 1196 minime
1175 1161 1331 1196 tamen
1374 1167 1583 1196 necessa-

181 1226 299 1270 rium
339 1227 535 1281 exsistit,
577 1225 746 1288 quibus
785 1226 935 1271 solum
984 1228 1230 1290 proprium
1269 1237 1437 1273 cuncta
1479 1227 1581 1271 vitae

181 1303 436 1347 necessaria
468 1302 654 1347 abunde
678 1301 997 1348 subministrat
1022 1312 1066 1348 et
1099 1302 1270 1365 quibus
1292 1319 1582 1365 quaquaver-

179 1395 279 1422 sum
316 1379 502 1440 pervius
528 1388 680 1440 patet,
707 1377 883 1439 absque
919 1379 1105 1429 nautica
1127 1380 1423 1440 trajectione,
1454 1379 1582 1425 orbis

177 1462 420 1498 terrarum.

661 1641 999 1684 CAPITULUM
1034 1643 1090 1685 11.

176 1771 226 1804 De
243 1771 425 1804 immatura
440 1780 549 1805 morte
560 1771 731 1814 Edoardi‚
749 1773 942 1817 Anglorum
956 1775 1056 1819 regis,
1071 1783 1103 1807 et
1120 1774 1275 1820 ejusdem
1289 1776 1385 1821 regni
1400 1776 1577 1821 tyrannica

285 1828 516 1873 occupatione
535 1841 598 1873 per
620 1827 835 1861 Richardum
852 1830 926 1875 ejus
945 1830 1099 1871 fratrem,
1121 1830 1244 1864 ducem
1262 1831 1472 1866 Glocestriae.

239 1942 443 2003 Contigit
470 1951 626 1987 autem
652 1951 697 1986 et
730 1959 874 2004 regno
905 1944 1161 2004 Anglorum
1186 1944 1312 1990 aliud
1350 1960 1448 1989 non
1471 1961 1577 2008 par-

172 2034 283 2062 vum
323 2017 662 2077 infortunium,
701 2035 753 2064 ea
788 2028 1082 2083 tempestate,
1121 2020 1179 2066 de
1221 2020 1373 2067 subita
1398 2022 1505 2067 satis
1533 2032 1577 2067 et

173 2095 421 2141 immatura
442 2095 560 2157 regis
591 2095 659 2140 sui
690 2105 841 2141 morte
873 2096 1094 2143 Edoardi.
1124 2099 1241 2144 Nam
1265 2115 1374 2144 cum
1398 2098 1473 2144 die
1498 2115 1576 2144 ve-

172 2172 293 2216 neris
315 2173 521 2228 sanctae2,
540 2187 666 2216 anno
691 2188 1018 2219 mccccmcxxm
1036 2190 1168 2219 more
1188 2191 1395 2221 romanae
1417 2175 1571 2231 curiae,

172 2247 297 2293 idem
318 2265 419 2304 rex,
455 2247 720 2293 devotionis
739 2258 784 2293 et
812 2249 1037 2295 orationis
1055 2265 1221 2308 causa,
1244 2250 1402 2314 plures
1428 2251 1575 2297 eccle-

173 2325 260 2370 sias
297 2334 341 2369 et
375 2325 479 2370 loca
520 2340 648 2370 sacra
670 2325 1012 2387 perlustrasset,
1045 2327 1349 2390 postmodum
1386 2344 1574 2390 quoque

175 2400 384 2446 reficiens
423 2400 593 2446 lassum
626 2417 820 2463 corpus,
859 2412 905 2447 et
939 2403 1162 2449 fructibus
1188 2414 1327 2466 atque
1371 2403 1575 2449 oleribus

230 2550 265 2583 1.
296 2548 325 2584 Il
349 2549 426 2584 saut
448 2557 557 2585 noter
577 2550 675 2586 aussi
702 2564 775 2599 que
796 2551 830 2587 lc
858 2552 965 2588 trait(¹
992 2552 1146 2589 ‹l'Arras
1173 2552 1333 2602 rompait
1358 2551 1574 2600 le·1nariage

178 2608 318 2659 projete
338 2618 442 2646 entre
458 2611 493 2647 le
512 2610 679 2660 dauphin
700 2621 732 2647 ct
757 2610 858 2648 l'unc
881 2613 948 2651 des
968 2613 1059 2650 §illes
1080 2609 1293 2649 d'Edouard
1314 2615 1375 2649 1V.

229 2672 265 2708 2.
297 2671 421 2707 Plutot
440 2680 580 2708 sancta.
