1875 2956
719 234 861 270 LIBER
891 232 1087 268 PRIMUS.
1525 234 1594 268 2261

201 321 399 366 manniae
426 321 473 365 in
493 331 663 366 sortem
690 321 1027 366 haereditariam
1054 317 1355 375 tradidissev,
1382 327 1426 362 <rt
1450 318 1601 380 pluri-

200 413 330 441 mum
352 396 550 443 adaucta
597 407 663 442 est
706 407 752 442 et
799 396 1120 441 vehementius
1168 393 1426 439 incanduit.
1482 396 1600 439 Cum

199 471 325 516 enim
359 473 724 534 Rothomagum,
760 473 900 517 totius
922 471 1174 534 provinciae
1196 470 1521 533 metropolim,
1559 481 1604 515 ct

198 547 399 611 plurima
439 550 747 595 munitissima
782 548 938 612 patriae
974 547 1178 610 oppida,
1213 556 1258 591 et
1295 563 1396 609 quac
1433 546 1480 591 in
1521 562 1604 592 ora

198 625 431 670 maritima
466 635 512 670 et
542 642 645 686 quae
667 626 788 670 intra
810 633 954 669 terras
987 624 1271 681 consistunt,
1296 623 1439 668 veluti
1461 623 1603 685 Diep-

200 719 335 765 pam,
363 704 653 750 Haressutum
678 712 816 764 atque
843 701 1185 747 Honneflutum
1208 700 1334 746 idem
1360 700 1478 761 regis
1505 716 1604 760 ger-

200 795 366 825 manus
398 780 495 841 jam
532 788 695 824 nactus
729 787 846 824 esset
885 786 1024 839 atque
1061 776 1347 840 possideret,
1383 786 1429 821 et
1461 776 1607 821 Brito-

199 871 314 900 num
351 856 600 915 exercitus,
641 854 701 901 ad
748 853 1039 916 recipiendas
1079 863 1265 898 caeteras
1308 853 1514 897 civitates
1562 861 1606 896 et

199 931 374 994 oppida
415 931 736 989 transmissus,
784 931 1051 975 universam
1088 928 1379 991 provinciam
1428 928 1606 990 perlus-

201 1016 364 1066 traret,
412 1024 521 1054 cum
544 1006 605 1053 ab
640 1008 704 1053 eis
743 1007 903 1052 civitas
928 1021 1032 1052 mea
1066 1005 1236 1051 vallata
1256 1004 1397 1060 foret,
1430 1004 1478 1048 in
1512 1019 1607 1065 qua

171 1109 175 1113 ·
198 1100 285 1147 pro
308 1100 414 1146 rege
440 1083 568 1130 nulla
595 1093 709 1129 tunc
739 1092 871 1129 erant
898 1081 1100 1128 militum
1129 1080 1343 1144 praesidia
1374 1096 1401 1125 a
1435 1079 1607 1141 quibus

200 1171 364 1207 contra
402 1161 497 1205 vim
536 1158 853 1205 obsidentium
891 1158 1081 1205 defendi
1117 1157 1354 1213 valuisset,
1395 1166 1606 1219 essetque

194 1238 293 1298 jam
326 1237 502 1300 ubique
528 1236 823 1282 diffamatum
847 1246 893 1282 et
917 1236 1158 1282 notorium
1199 1233 1330 1295 quod
1356 1250 1436 1278 rex
1463 1233 1606 1278 duca-

198 1323 299 1358 tum
329 1314 481 1376 ipsum
512 1313 664 1359 eidem
703 1329 787 1358 suo
826 1313 954 1358 fratri
990 1312 1132 1356 unico
1167 1309 1452 1371 reliquisset,
1497 1325 1606 1353 cum

199 1391 509 1454 plurimorum
550 1391 750 1435 militum
798 1399 844 1434 et
885 1387 1119 1434 nobilium
1165 1386 1350 1450 patriae,
1391 1384 1472 1447 qui
1514 1384 1607 1429 illic

198 1468 393 1514 aderant
423 1477 467 1513 et
495 1467 556 1513 ad
590 1468 823 1512 civitatem
863 1468 1012 1529 ipsam
1038 1475 1084 1510 et
1112 1464 1173 1510 ad
1203 1479 1279 1508 me
1303 1462 1363 1508 de
1394 1461 1608 1525 pluribus

199 1544 313 1590 locis
349 1544 680 1605 confugerant,
725 1542 923 1588 consilio
956 1551 1002 1588 et
1032 1557 1223 1587 assensu
1257 1538 1468 1601 ejusdem
1500 1540 1610 1585 civi-

197 1621 302 1666 tatis
346 1619 637 1666 deditionem
678 1621 864 1665 noviter
909 1618 1177 1665 advenienti
1212 1616 1349 1662 nobis
1392 1616 1500 1661 duci
1543 1616 1608 1661 fa-

198 1698 415 1744 ciendam
443 1698 679 1744 duximus.
716 1700 902 1745 Certum
936 1697 1063 1742 enim
1092 1694 1230 1740 nobis
1259 1693 1477 1739 effectum
1512 1703 1610 1739 erat

199 1773 270 1818 vel
317 1775 501 1836 penitus
550 1772 869 1819 indubitatum
916 1771 1164 1818 tenebatur
1221 1770 1607 1831 verissimumque

200 1860 297 1895 erat
343 1866 520 1911 regem,
569 1859 621 1895 ut
661 1850 887 1909 diximus,
934 1848 1161 1895 ducatum
1197 1848 1294 1909 jam
1342 1847 1471 1892 fratri
1523 1863 1608 1891 suo

200 1927 456 1972 tradidisse.
509 1929 626 1972 Nam
672 1936 717 1973 et
762 1928 1032 1990 capitaneus
1072 1934 1240 1970 nostrae
1275 1923 1472 1968 civitatis
1516 1922 1609 1968 hoc

201 2004 338 2049 nobis
360 2005 621 2067 scripserat,
642 2005 740 2067 qui,
759 2005 819 2051 ad
838 2013 1041 2067 quatuor
1061 2013 1141 2048 aut
1164 2003 1374 2065 quinque
1396 2000 1607 2045 milliaria

200 2093 346 2140 prope
386 2078 632 2123 transitum
675 2079 868 2136 faciens,
912 2077 1136 2122 Falesiam
1169 2075 1227 2120 de
1259 2074 1459 2119 Parisius
1498 2089 1607 2135 pro-

200 2154 409 2217 perabat.
457 2154 602 2216 quue
652 2156 791 2200 etiam
829 2170 951 2199 unus
999 2168 1251 2215 generosus
1301 2151 1458 2208 miles,
1525 2149 1610 2193 do-

201 2231 354 2276 minus
393 2231 668 2276 Guillelmus
723 2231 780 2276 de
831 2234 871 2275 T
869 2228 1196 2275 roasi-eazwille
1217 2230 1246 2286 ²,
1293 2227 1502 2273 similiter
1551 2226 1609 2269 de

205 2307 400 2352 Parisius
444 2308 661 2366 veniens,
712 2306 972 2358 asserebat,
1014 2306 1252 2352 affirmans
1293 2319 1402 2349 cum
1459 2317 1609 2347 saera-

262 2453 294 2489 1.
326 2451 487 2489 Octobre
509 2455 624 2490 1465.

258 2515 295 2550 52.
328 2514 539 2551 Guillaumc
580 2515 626 2551 de
663 2516 965 2552 Trousseauville
980 2544 989 2559 ,
1029 2514 1206 2564 seigneur
1247 2514 1292 2550 de
1331 2511 1609 2561 Garguesalies.

211 2574 363 2622 Περι-ἐς
392 2575 489 2612 deux
514 2576 662 2614 ce'dules
689 2577 735 2613 de.
761 2578 832 2618 lui,
861 2577 926 2626 qui
946 2585 1030 2613 sont
1056 2590 1103 2613 au
1125 2576 1282 2612 Cabinct
1303 2574 1367 2610 des
1389 2574 1490 2608 titrvs
1510 2572 1556 2607 de
1578 2573 1612 2608 la

207 2634 303 2672 Bibl.
328 2636 438 2686 imp„
460 2638 483 2673 il
509 2638 762 2674 commandait
792 2652 836 2674 en
864 2641 966 2675 1468
994 2647 1028 2674 et
1052 2640 1152 2674 1469
1180 2639 1232 2673 les
1263 2650 1352 2686 gens
1382 2635 1428 2670 de
1453 2634 1539 2670 trait
1567 2634 1613 2670 de

206 2698 470 2734 l‘arriere-ban
493 2700 783 2744 eonjoinwnwm
806 2713 897 2735 avec
918 2713 968 2735 un
990 2699 1251 2735 ‹1‹3ta‹el=en1ent
1277 2698 1323 2733 de
1343 2697 1446 2745 vingt
1469 2697 1607 2733 lances.
