1875 2956
271 247 344 282 ³00
830 249 1077 284 APOLOGIA
1097 278 1103 293 ,

732 434 936 476 CAP1TU
948 434 1067 476 LUM
1103 435 1200 476 XV.

266 562 316 595 De
334 561 467 595 consilii
485 560 727 606 requisitione,
747 558 917 605 quidnam
936 558 1112 605 agendum
1134 559 1236 592 nobis
1254 571 1358 606 super
1374 560 1545 606 praedictis
1563 564 1662 599 foret.

330 683 504 725 Verum
523 697 632 725 cum
653 689 841 725 noctem
863 694 1007 724 unam
1030 678 1297 723 insomnem
1320 687 1459 740 atque
1481 681 1664 727 anxiam

267 756 398 801 valde
429 773 522 819 prae
554 756 880 819 hujuscemodi
915 756 1081 800 nuntio
1116 754 1330 800 luctuoso
1363 757 1665 817 transegisse—

265 850 385 890 mus,
418 836 537 892 Deo⁷
563 834 623 880 ad
654 835 784 896 cujus
805 834 948 879 solius
972 832 1197 879 auxilium
1221 833 1587 895 confugiendum
1606 836 1668 880 vi-

265 909 510 969 debamus,
537 911 617 972 qui
644 930 667 954 «
692 926 937 971 nunquam
968 910 1140 956 deserit
1163 921 1400 974 sperantes
1423 911 1470 955 in
1498 927 1562 969 se,
1591 914 1668 958 sed

264 1003 447 1049 semper
480 996 647 1050 praesto
689 986 819 1032 adest
859 987 1046 1049 adjutor
1078 988 1127 1032 in
1163 987 1591 1051 opportunitatibus
1624 989 1669 1035 in

264 1062 582 1119 tribulatione,
615 1083 635 1105 »
660 1063 957 1109 confortante
987 1073 1032 1109 et
1057 1064 1331 1109 consolante
1362 1081 1465 1121 nos,
1492 1064 1670 1111 donum

264 1138 324 1184 ab
360 1157 436 1200 eo,
463 1141 511 1185 in
544 1141 623 1186 tali
648 1140 975 1203 desperatione
1001 1141 1157 1185 auxilii
1182 1141 1397 1201 humani⁷
1424 1142 1607 1188 consilii
1629 1154 1671 1188 et

264 1217 547 1279 fortitudinis
566 1219 850 1281 accepimus.
880 1221 918 1264 V
922 1218 1208 1265 enerabilem
1228 1219 1355 1265 enim
1380 1230 1520 1283 atque
1546 1237 1673 1283 spec-

263 1293 452 1340 tabilem
495 1296 647 1341 virum
690 1295 939 1340 dominum
982 1295 1041 1341 de
1085 1296 1410 1354 Claromonte‚
1452 1297 1499 1341 in
1539 1297 1672 1344 dictis

264 1372 396 1415 terris
426 1373 550 1417 vices
576 1373 726 1433 regias
757 1376 1037 1435 gerentem¹⁷
1063 1373 1266 1418 crastino
1293 1389 1432 1419 mane
1456 1372 1672 1419 duximus

263 1448 553 1493 adeundum.
597 1452 629 1492 Α
661 1464 757 1511 quo
790 1449 943 1512 primo
980 1449 1195 1494 sciscitati
1232 1450 1402 1495 fuimus
1444 1466 1504 1495 an
1538 1450 1672 1495 sciret

262 1525 391 1587 quod
416 1526 568 1586 regius
594 1526 668 1570 ille
692 1527 906 1583 nuntius,
936 1526 994 1570 (16
1019 1542 1114 1587 quo
1148 1525 1286 1571 nobis
1315 1527 1463 1572 suerat
1486 1528 1671 1572 nuntia-

262 1611 388 1658 tum,
424 1602 522 1663 jam
557 1602 617 1647 ad
650 1612 794 1647 terras
829 1602 927 1647 illas
960 1602 1273 1664 applicuisset.
1310 1603 1401 1658 Qui
1432 1602 1569 1648 nobis
1602 1619 1673 1648 re-

261 1679 470 1740 spondit,
499 1679 556 1723 de
577 1679 780 1724 adventu
801 1679 992 1741 quidem
1019 1679 1117 1740 ejus
1142 1679 1673 1743 11i11ilpe1=cepisse3cae-

262 1766 411 1800 terum
439 1772 486 1800 se
511 1773 564 1800 ex
589 1757 717 1801 curia
740 1757 859 1816 regis
886 1757 1142 1818 suscepisse
1173 1755 1347 1801 litteras
1375 1756 1434 1801 ab
1468 1773 1565 1801 uno
1588 1774 1674 1801 suo

262 1833 501 1889 servitore,
531 1833 610 1893 qui
634 1831 887 1878 affirmaret
918 1848 1054 1888 eum⁷
1089 1848 1173 1894 per
1198 1848 1355 1893 regem
1379 1833 1671 1896 expeditum,

262 1909 437 1954 litteras
468 1918 511 1954 et
548 1909 771 1955 mandata
809 1908 981 1954 debere
1016 1908 1075 1954 ad
1112 1924 1199 1954 nos
1235 1908 1413 1954 deferre
1446 1926 1529 1972 per
1560 1927 1676 1973 quas

265 1986 402 2031 nobis
424 2003 630 2031 recessus
654 1986 712 2032 de
736 1986 812 2032 illa
844 1986 994 2049 patria
1025 1996 1069 2030 et
1093 1986 1140 2030 in
1169 1986 1413 2031 Franciam
1444 2004 1676 2049 regressus

264 2062 591 2108 inhibet-entur
612 2074 750 2125 atque
773 2063 1184 2120 interdicerentur,
1214 2074 1431 2108 revocata
1455 2074 1498 2108 et
1524 2065 1674 2108 exsuf-

267 2139 374 2184 ssata
392 2140 484 2192 illa,
508 2140 566 2185 de
586 2156 679 2202 qua
697 2141 840 2203 paulo
860 2151 967 2186 ante
988 2140 1308 2197 meminimus,
1333 2139 1512 2186 indulta
1536 2139 1673 2185 nobis

268 2217 494 2263 redeundi
520 2217 725 2263 licentia.

319 2367 357 2402 1.
389 2363 569 2400 L’auteur
595 2375 633 2398 se
661 2372 808 2411 trompe
831 2376 895 2398 sur
919 2362 954 2398 le
983 2362 1066 2398 titre
1092 2375 1141 2398 011
1170 2363 1358 2411 peut-etro
1388 2363 1511 2398 menie
1539 2376 1603 2399 sur
1621 2363 1673 2399 les

266 2424 452 2461 fonctions
473 2424 524 2460 du
544 2437 796 2473 personnage.
817 2427 870 2460 Le
889 2423 1051 2460 viee—roi
1080 2423 1126 2459 de
1146 2423 1364 2459 Roussillon
1388 2437 1434 2460 en
1463 2426 1564 2461 1468
1587 2425 1676 2462 etait

265 2489 359 2523 Jean
380 2485 426 2522 (16
446 2486 559 2531 F‹›ix‚
586 2494 709 2522 comte
730 2485 776 2521 de
803 2480 966 2522 Csindale
991 2493 1023 2520 et
1051 2484 1175 2534 captal
1197 2485 1243 2521 de
1264 2485 1367 2521 Bucli
1392 2500 1400 2521 z
1426 2485 1450 2522 il
1478 2486 1557 2522 saut
1577 2485 1674 2522 done

267 2561 341 2598 que
365 2548 398 2584 le
420 2548 594 2597 seigneur
617 2548 663 2584 de
684 2548 875 2584 Clermont
902 2546 951 2582 ait
972 2547 1029 2582 ete
1056 2546 1266 2583 seulement
1286 2547 1493 2584 lieutenant
1513 2547 1561 2585 (16
1579 2551 1672 2585 Jean

269 2610 315 2646 (16
342 2610 450 2653 Foix‚
477 2624 526 2646 ou
548 2609 635 2646 bien
657 2621 899 2660 gouverneur
923 2622 969 2645 611
1002 2609 1085 2645 titre
1112 2609 1158 2644 (16
1189 2609 1417 2659 Perpignan.
1446 2610 1475 2645 Il
1501 2623 1597 2646 nous
1618 2619 1672 2646 est

268 2672 458 2708 d'ailleurs
477 2671 694 2722 impossible
714 2672 759 2707 de
779 2671 860 2707 dire
880 2670 935 2706 s'il
961 2670 1068 2719 s'agit
1096 2668 1186 2707 d'un
1216 2671 1390 2720 seigneur
1413 2671 1459 2708 de
1481 2672 1671 2708 Clerniont

269 2744 316 2768 en
336 2733 551 2781 Dauphimss,
572 2746 621 2769 ou
643 2732 732 2768 d'un
754 2730 1133 2769 Clertnont-Lodeve.
