1875 2956
284 248 358 283 που
847 243 1115 288 APOLOGIA,

285 335 331 381 in
357 334 587 380 consimili
613 348 720 377 casu
746 331 948 376 {acturus
971 329 1110 387 foret,
1138 339 1188 373 ut
1209 332 1436 392 protinus,
1464 330 1590 377 nulla
1611 329 1680 375 ul-

286 414 425 458 terius
456 411 514 456 de
548 409 773 474 pensione
805 407 924 454 facta
960 407 1227 466 mentione,
1264 408 1434 455 furenti
1472 409 1680 470 indigna·

286 490 400 535 tioni
424 488 713 533 cederemus,

747 744 816 785 CA
826 741 953 785 PlTU
964 740 1082 783 LUM
1119 741 1216 782 ΧΠ.

353 883 400 914 De
417 878 640 925 expeditione
657 888 774 912 nostra
792 879 827 911 in
848 877 943 911 curia
962 877 1051 924 regis
1068 884 1099 909 ct
1119 875 1337 921 profectione
1355 873 1614 920 perpinianum.

343 1018 487 1079 Cujus
506 1026 730 1078 tanquam
750 1016 954 1062 maxime
977 1024 1300 1078 opportunum
1320 1023 1432 1059 tunc
1457 1012 1686 1075 nobisque

278 1095 474 1157 perutile
491 1094 738 1139 consilium
754 1093 954 1138 libenter
968 1093 1186 1155 amplecti
1208 1092 1487 1138 studuimus.
1513 1094 1568 1136 Et
1587 1091 1687 1154 ipso

278 1173 372 1231 die,
400 1173 618 1233 injuriam
643 1170 917 1232 hujusmodi
938 1170 1168 1233 patienter
1190 1169 1406 1228 ferentes,
1433 1170 1519 1214 iter
1545 1168 1685 1214 eundi

283 1249 615 1311 Perpinianum
649 1247 946 1310 arripuimus.

344 1327 452 1369 Ha=c
476 1324 560 1370 fuit
592 1324 707 1369 fides
740 1324 1077 1387 promissarum
1113 1323 1414 1369 securitatum
1444 1332 1489 1368 et
1516 1323 1691 1369 solem-

283 1401 401 1445 niter
436 1417 551 1445 voce
580 1401 842 1463 maeonia,
880 1399 1243 1462 praccinentibus
1274 1398 1421 1458 tubis,
1455 1399 1503 1443 in
1529 1400 1624 1443 vim
1647 1408 1692 1444 et

284 1475 427 1520 robur
450 1476 712 1520 edictorum
737 1476 960 1537 regalium
990 1475 1163 1537 ubique
1194 1474 1556 1538 publicatarum,
1587 1476 1693 1521 alia-

285 1568 483 1614 rumque
513 1552 904 1614 pollicitationum
940 1551 998 1596 de
1035 1552 1364 1597 constituenda
1399 1551 1535 1597 nobis
1572 1569 1690 1614 pen-

285 1631 415 1674 sione
444 1628 751 1693 postmodum
779 1627 1031 1685 factarum3
1058 1628 1156 1673 haec
1181 1627 1458 1687 clementia,
1489 1628 1587 1673 lizrc
1609 1627 1695 1673 hu-

290 1705 488 1750 manitas
526 1704 644 1765 regis
681 1719 789 1765 erga
831 1720 917 1748 nos
958 1703 1057 1748 fuit.
1099 1706 1302 1754 Verum,
1335 1706 1435 1748 Deo
1470 1720 1567 1748 non
1610 1722 1694 1750 nos

289 1781 552 1839 deserente,
586 1780 667 1824 sed
692 1795 876 1841 semper
901 1795 983 1824 sua
1006 1780 1326 1824 misericordia
1348 1789 1394 1824 et
1425 1779 1695 1840 dignatione

291 1859 585 1904 confortante
621 1865 663 1901 et
697 1856 970 1901 consolante
1005 1872 1116 1912 nos,
1152 1872 1344 1900 omnem
1368 1855 1696 1917 hujuscemodi

293 1935 511 1996 injuriam
535 1933 766 1996 patienter
791 1942 837 1977 et
861 1932 1039 1977 fortiter
1067 1932 1260 1977 tulimus
1281 1950 1292 1989 3
1327 1933 1698 1997 continuatoque

297 2029 378 2074 per
402 2011 635 2072 integrum
670 2009 813 2055 ferme
846 2026 1055 2055 mensem
1095 2009 1284 2069 itinere,
1328 2010 1392 2055 sic
1423 2009 1624 2072 benigne
1654 2022 1699 2057 et

296 2088 566 2133 humaniter
624 2086 855 2149 expediti,
912 2087 1247 2149 Perpinianum
1303 2087 1493 2132 tandem
1550 2089 1700 2152 appli—

297 2166 494 2211 cuimus.
940 2150 946 2157 ι

364 2242 685 2288 Habitavimus
725 2251 880 2287 autem
916 2241 1009 2287 illic
1049 2258 1133 2304 per
1174 2258 1352 2288 annum
1387 2242 1618 2304 integrum
1655 2254 1701 2290 et

302 2336 448 2383 prope
481 2319 600 2364 duos
639 2335 847 2377 menses,
886 2317 1148 2363 exercendo
1178 2317 1386 2363 officium
1416 2320 1700 2367 cancellaria·v

303 2397 349 2441 in
381 2394 680 2441 comitatibus
698 2393 967 2438 Rossilionis
986 2403 1031 2438 et
1051 2393 1290 2439 Ceritania¹
1307 2413 1318 2451 ;
1346 2396 1426 2457 qui
1445 2407 1555 2442 sunt
1575 2415 1700 2460 quae-

304 2472 413 2527 dam
444 2469 656 2516 membra
692 2470 976 2532 principatus
1013 2470 1285 2529 Catalonia‘,
1332 2472 1412 2517 sed
1454 2482 1566 2519 tunc
1607 2475 1702 2535 regi

309 2552 590 2593 Francorum
626 2545 866 2609 parebant.
908 2549 958 2590 ln
992 2546 1123 2608 cujus
1151 2548 1368 2594 exercitio
1398 2549 1445 2594 id
1469 2566 1556 2596 nos
1585 2567 1703 2613 prae-

305 2626 440 2687 cipue
482 2623 740 2669 delectabat
778 2632 822 2668 et
865 2640 961 2668 non
1000 2639 1167 2686 parum
1212 2635 1423 2671 nostruin
1466 2627 1703 2673 solabatur

306 2702 540 2759 exsilium,
577 2699 730 2762 quod,
763 2699 1030 2746 exhibendo
1066 2718 1152 2764 pro
1180 2704 1488 2750 ministranda
1527 2704 1702 2766 justitia
