1875 2956
689 233 833 269 LIBER
861 231 1110 270 SEPTIMUS.
1520 238 1595 272 187

206 328 251 364 et
290 318 451 363 vicinis
491 319 646 378 terris,
686 319 877 364 dimisso
917 319 1147 378 exercitu,
1192 316 1415 363 discessit.
1457 321 1601 367 Aliam

206 404 367 458 postea
398 395 617 441 adversus
644 395 862 440 eumdem
890 396 1132 440 Britanniae
1153 394 1322 440 ducem
1345 395 1604 458 expeditio-

208 487 316 517 nem
338 472 476 517 etiam
495 473 746 518 maximam
772 471 924 528 duxit3
951 471 1031 516 sed
1052 487 1159 516 cum
1184 470 1244 516 ad
1266 471 1435 516 limites
1458 488 1605 534 usque

205 548 447 594 hostilium
470 559 697 595 terrarum
722 548 859 593 etiam
884 549 1190 610 pervenisset,
1216 548 1499 610 sentiretque
1522 548 1606 595 du-

206 641 308 670 ceni
338 626 384 670 in
415 627 575 671 limine
609 626 678 671 sui
715 625 966 683 districtus,
1003 634 1244 670 contracto
1277 624 1506 685 exercitu,
1545 625 1605 671 ad

207 700 322 747 fines
346 719 454 748 suos
477 701 698 747 tutandos
719 710 1028 764 praeparatum
1047 716 1161 757 esse,
1192 716 1279 745 nec
1304 700 1483 762 ingredi
1502 703 1607 763 qui-

206 779 340 838 dem,
375 796 461 825 nec
492 779 711 825 adversus
738 779 948 837 hostem,
985 794 1126 840 quem
1151 778 1283 840 juxta
1311 779 1471 824 adesse
1505 796 1608 825 sen-

205 855 370 915 tiebat,
408 855 629 918 congredi
659 871 797 901 ausus
825 865 917 915 est⁷
953 854 1033 900 sed
1060 855 1256 918 turpiter
1289 857 1398 902 satis
1430 867 1476 902 et
1510 858 1607 903 sine

206 933 388 979 honore
413 934 472 978 ad
499 933 692 996 propria
715 933 953 978 remeavit.

270 1010 396 1065 Quid
418 1026 528 1055 vero
549 1009 606 1055 de
631 1009 719 1055 illis
740 1009 919 1071 magnis
942 1009 1105 1072 copiis,
1136 1025 1251 1071 quas
1272 1010 1445 1073 pluries
1467 1021 1513 1056 et
1531 1028 1607 1057 va-

206 1086 284 1131 riis
312 1086 359 1130 in
383 1087 497 1132 iocis
521 1096 659 1149 atque
682 1085 974 1149 temporibus
1002 1096 1168 1131 contra
1197 1086 1367 1132 ducem
1400 1091 1610 1149 Burgun-

205 1162 293 1207 diae
327 1164 547 1209 Carolum
578 1164 624 1208 in
660 1180 851 1226 campos
891 1164 1072 1222 eduxit,
1108 1164 1396 1210 censendum
1430 1166 1611 1211 duxeri-

206 1239 340 1285 mus?
380 1241 584 1285 Primum
612 1241 738 1303 apud
769 1241 1193 1299 Montem-Hericii‚
1228 1240 1309 1286 ubi
1342 1258 1451 1286 cum
1477 1242 1610 1287 hoste

206 1331 501 1376 congressus,
540 1333 647 1361 cum
683 1333 790 1362 eum
818 1333 914 1361 non
950 1332 1097 1379 parvo
1137 1316 1364 1362 affecisset
1402 1317 1607 1376 damno,

207 1401 361 1437 tamen
387 1393 494 1437 inde
512 1394 706 1455 turpiter
730 1393 859 1453 sugit,
878 1392 1039 1437 relicto
1059 1392 1242 1437 honore
1262 1392 1354 1436 suis
1375 1392 1607 1453 hostibus,

205 1467 287 1527 qui
315 1467 362 1510 in
385 1466 491 1511 loco
515 1467 780 1511 certaminis
810 1475 957 1511 castra
983 1481 1066 1511 sua
1094 1481 1178 1529 per
1207 1465 1307 1512 dies
1333 1466 1511 1529 aliquot
1532 1467 1613 1513 ha-

205 1540 426 1601 buerunt,
450 1552 700 1605 postquam
723 1541 832 1587 inde
856 1557 910 1587 ac
931 1542 966 1586 si
988 1541 1137 1587 victus
1156 1541 1421 1603 diffugerat.
1448 1546 1613 1590 Postea

207 1634 317 1663 vero
348 1628 483 1680 pacta
515 1635 623 1663 cum
657 1618 825 1664 eodem
864 1635 961 1664 non
984 1619 1133 1664 multo
1164 1629 1271 1682 post
1299 1619 1482 1665 foederis
1513 1637 1614 1683 per-

207 1696 362 1751 cussit,
392 1712 476 1758 per
495 1713 596 1758 quae
613 1695 842 1742 reddebat
861 1695 947 1741 sibi
968 1712 1132 1742 omnes
1149 1697 1356 1742 civitates
1377 1707 1422 1742 et
1439 1697 1614 1760 oppida

208 1789 311 1834 quae
325 1789 464 1836 supra
479 1774 653 1819 flumen
669 1775 938 1819 5111111110113Ἰ
956 1774 1078 1818 ultro
1094 1775 1305 1836 citroque
1323 1775 1584 1819 consistunt
1598 1794 1609 1833 ;

209 1866 311 1912 quae
342 1850 482 1912 paulo
516 1860 622 1896 ante
657 1866 683 1896 a
710 1860 839 1913 patre
872 1865 980 1907 5110,
1018 1851 1097 1913 qui
1127 1867 1181 1896 ea
1213 1851 1337 1896 velut
1368 1852 1614 1914 pignorata

209 1936 445 1985 tenuerat,
474 1926 733 1972 redemerat
756 1937 895 1989 atque
919 1927 1069 1972 luerat
1094 1943 1276 1973 summa
1299 1927 1614 1989 quadringen-

209 2012 364 2048 torum
391 2003 589 2048 millium
625 2012 864 2048 scutorum
890 2004 1006 2049 auri.
1040 2007 1180 2048 Dono
1211 2004 1349 2049 etiam
1378 2004 1419 2049 ei
1446 2004 1614 2066 adjecit

210 2089 354 2126 terras
388 2079 466 2143 [et]
501 2081 826 2143 praeposituras
854 2080 1025 2142 quibus
1051 2097 1135 2126 nec
1164 2081 1262 2144 ipse
1291 2082 1509 2141 Carolus,
1538 2098 1613 2126 116-

211 2178 301 2224 que
328 2162 471 2224 ipsius
500 2162 680 2222 genitor
703 2172 838 2208 antea
860 2162 995 2225 potiti
1021 2162 1242 2208 fuerant¹.

275 2238 418 2284 Aliam
472 2238 610 2283 etiam
657 2238 960 2301 postmodum
1005 2238 1353 2301 expeditionem
1395 2238 1615 2284 adversus

212 2315 428 2360 eumdem
450 2315 671 2360 Carolum
700 2316 870 2361 ducem
902 2315 1025 2374 fecit⁷
1052 2316 1100 2360 in
1121 2332 1230 2378 qua⁷
1258 2333 1366 2361 cum
1391 2316 1615 2361 maximas

213 2391 420 2454 undique
453 2392 663 2454 equitum
689 2402 733 2437 et
754 2392 964 2455 peditum
988 2394 1291 2439 contraxisset
1312 2393 1470 2456 copias
1494 2393 1614 2436 circa

214 2469 558 2531 Compendium
584 2479 627 2514 et
650 2470 951 2529 Noviomum,
978 2479 1021 2514 et
1048 2470 1259 2514 sensisset
1283 2469 1501 2515 eumdem
1525 2467 1614 2511 du-

217 2560 317 2589 cem
341 2546 479 2591 etiam
512 2562 621 2590 cum
651 2546 832 2607 magnis
863 2546 1009 2609 copiis
1045 2549 1271 2592 Peronam
1308 2560 1452 2606 usque
1476 2544 1611 2605 oppi-

272 2698 306 2731 t.
333 2699 428 2744 Voy.
451 2705 476 2733 t.
497 2699 555 2739 II,
574 2711 611 2747 p.
632 2700 722 2734 136.
