1875 2956
87 382 98 409 ‹

689 221 830 255 LIBER
860 220 1058 257 SEXTUS.
1521 224 1562 257 61

175 314 256 349 est.
287 306 377 348 Nec
402 313 556 350 tamen
578 342 589 363 ,
618 306 665 350 in
691 305 938 350 limitaneis
958 305 1102 366 agris,
1129 319 1156 349 a
1181 304 1346 365 praedis
1372 315 1414 348 et
1439 305 1575 351 latro-

175 381 306 425 ciniis
328 390 395 425 est
421 392 665 428 cessatum.

609 564 944 609 CAPITULUM
992 564 1133 606 XVII.

173 697 222 728 De
233 696 327 741 gravi
341 695 508 728 seditione
523 704 554 728 et
570 696 717 728 tumultu
731 704 852 728 exorto
871 694 1053 728 FlorentIae
1069 694 1112 727 ab
1128 694 1183 727 his
1203 693 1246 726 de
1263 694 1391 727 familia
1409 694 1451 728 de
1469 695 1576 729 Passis

327 760 358 784 et
377 751 424 784 eis
443 750 709 793 adhaerentibus,
729 750 953 796 ejusdemque
968 751 1134 784 tumultus
1150 750 1391 796 pacificatione
1409 751 1433 782 ¹.

237 878 301 921 Ea
322 885 612 938 tempestate,
638 877 876 938 superiore
899 892 1042 935 anno,
1066 876 1147 938 qui
1170 875 1230 921 ab
1252 876 1574 923 incarnatione

170 951 336 997 Christi
370 962 467 998 erat
494 956 828 1011 MCCCCLxx1x²‚
855 953 903 998 in
926 952 1043 998 urbe
1068 953 1237 1014 insigni
1268 953 1441 998 Tusciae
1476 954 1578 999 Flo-

170 1028 346 1086 rentia,
386 1029 536 1089 gravis
572 1038 615 1073 et
654 1029 916 1091 periculosa
950 1028 1118 1074 oborta
1147 1039 1216 1074 est
1244 1029 1426 1074 seditio.
1460 1033 1574 1076 Nam

169 1103 362 1165 quidam
397 1105 567 1150 civium
605 1106 663 1150 de
696 1105 869 1151 familia
901 1105 977 1150 cui
1007 1114 1074 1150 est
1109 1115 1480 1166 cognomentum
1517 1107 1574 1152 de

173 1181 359 1239 Passis³⁷
388 1181 434 1225 in
459 1182 624 1227 eadem
651 1181 767 1226 urbe
803 1182 910 1227 satis
938 1181 1061 1228 clara
1089 1191 1134 1227 et
1168 1183 1390 1244 opulenta
1410 1217 1421 1239 ‚
1459 1182 1574 1227 ferre

169 1275 266 1303 non
290 1259 496 1304 valentes
528 1276 680 1322 neque
716 1260 858 1321 aequis
893 1259 1059 1304 animis
1090 1260 1316 1321 inspicere
1351 1259 1575 1305 familiam

169 1334 356 1379 illorum
386 1335 444 1380 de
478 1336 669 1380 Medicis
688 1372 698 1392 ‚
732 1336 862 1392 satis,
899 1335 1076 1379 nedum
1105 1335 1151 1378 in
1186 1349 1240 1379 ea
1269 1333 1387 1379 urbe
1417 1343 1574 1380 totove

168 1409 282 1455 orbe
306 1411 558 1455 christiano
577 1448 588 1469 ⁷
622 1410 701 1455 sed
725 1420 768 1455 et
794 1411 839 1454 in
872 1410 1103 1472 plerisque
1127 1410 1389 1455 infidelium
1422 1412 1575 1472 regnis

167 1501 220 1531 ac
268 1487 520 1548 provinciis
555 1486 844 1532 diffamatam
888 1486 950 1531 ob
989 1481 1221 1547 insignem
1262 1496 1308 1531 et
1351 1503 1574 1532 nummu-

167 1563 330 1609 lariam
371 1562 720 1624 trajectitiarum
748 1579 960 1608 mensam
990 1573 1130 1625 atque
1161 1564 1569 1617 exercitationem,

165 1640 212 1684 in
239 1656 321 1685 sua
347 1639 588 1702 republica
616 1641 806 1702 majoris
834 1641 996 1686 crediti
1027 1651 1071 1686 et
1105 1642 1391 1687 auctoritatis
1422 1641 1573 1687 hono-

167 1716 294 1762 ribus
319 1718 525 1779 pollere,
553 1734 695 1779 quam
722 1718 808 1781 ipsi
838 1717 1063 1764 hactenus
1085 1718 1371 1780 potuissent,
1399 1718 1499 1763 zelo
1529 1728 1574 1763 et

166 1793 341 1838 invidia
366 1795 603 1851 succensi,
643 1795 907 1854 cogitarunt
935 1809 1140 1855 quanam
1162 1793 1238 1839 via
1263 1794 1349 1856 ipsi
1379 1794 1482 1839 illos
1514 1794 1572 1838 de
1594 1791 1597 1794 ⁴

168 1869 373 1927 Medicis,
392 1886 595 1931 quorum
618 1870 836 1933 przecipui
857 1880 901 1915 et
924 1871 971 1915 in
992 1886 1046 1915 ea
1063 1880 1174 1915 tunc
1194 1869 1312 1915 urbe
1327 1870 1573 1933 primiores

167 1957 298 1992 erant
332 1947 428 1993 duo
464 1948 701 2009 germani,
739 1949 1012 1993 Laurentius
1049 1948 1223 1992 scilicet
1254 1956 1299 1992 et
1326 1947 1567 2005 Julianus,

170 2040 265 2070 non
289 2025 434 2070 modo
459 2026 733 2070 auctoritate
758 2035 802 2070 et
824 2024 1087 2070 honoribus
1110 2023 1357 2069 detrudere
1374 2060 1386 2081 ‚
1408 2040 1570 2070 verum

169 2103 331 2158 etiam,
368 2118 426 2147 ne
453 2102 546 2147 suis
570 2101 810 2148 obstarent
833 2101 1108 2158 conatibus,
1135 2101 1229 2146 vita
1252 2101 1434 2163 privare
1464 2118 1571 2164 pos-

170 2188 284 2223 sent.
320 2179 385 2224 Ad
414 2178 543 2241 quod
572 2178 911 2241 perficiendum
949 2178 1169 2223 comitem
1206 2177 1567 2240 Hieronymum,

224 2318 262 2354 1.
282 2317 431 2351 Devant
449 2327 492 2352 ce
518 2315 601 2352 titre
626 2328 674 2352 on
696 2315 735 2351 lit
755 2327 801 2351 en
827 2327 967 2365 iiiarge,
990 2314 1037 2351 de
1057 2314 1091 2350 la
1113 2315 1235 2351 meme
1256 2314 1354 2350 main
1377 2314 1467 2350 dont
1487 2322 1570 2350 sont

173 2375 301 2412 ecrites
320 2377 372 2413 les
393 2386 517 2414 autres
534 2376 774 2415 annotations
799 2377 848 2413 du
873 2390 942 2415 nis.
966 2392 971 2413 :
1001 2393 1018 2409 <t
1037 2376 1173 2413 Mirum
1193 2375 1283 2425 quid
1302 2376 1390 2412 huic
1408 2375 1570 2412 historiae

178 2458 191 2470 κ
214 2451 413 2478 commune
442 2442 486 2478 sit
515 2455 601 2478 cnm
628 2440 740 2491 gestis
767 2440 950 2477 Ludovici
979 2448 1014 2476 et
1041 2439 1188 2485 Caroli;
1218 2448 1253 2475 et
1287 2439 1439 2489 quidem
1468 2437 1569 2487 quod

179 2518 192 2532 ιι
216 2500 407 2552 Philippus
425 2503 634 2541 Cominaeus
653 2503 726 2540 hoc
745 2503 826 2553 ipso
846 2503 930 2539 loeo
949 2502 1047 2539 hanc
1071 2501 1146 2538 suis
1166 2501 1353 2537 interserit
1373 2511 1569 2536 commen-

179 2580 192 2593 «
218 2562 330 2607 tanis,
348 2565 453 2613 quasi
471 2565 517 2601 de
535 2565 758 2615 composito.
781 2582 796 2597 υ

228 2626 263 2658 2.
295 2626 467 2675 Corrigez
487 2628 603 2663 1478.

230 2686 262 2720 3.
296 2687 366 2721 Les
384 2687 499 2724 Pazzi.
