1875 2956
715 260 856 295 LIBER
885 259 1104 296 SETIMUS.
1547 264 1617 298 '167

223 344 562 406 interrogabat,
584 362 778 392 movens
795 346 1101 403 cachinnum,
1128 346 1174 390 iu
1195 361 1302 390 eum
1324 345 1621 394 maledictum

217 421 354 483 jecit,
389 423 679 487 respondens
710 440 925 470 sermone
947 423 1125 485 vulgari
1151 441 1159 467 :
1193 442 1214 466 «
1242 425 1368 468 Vous
1395 434 1513 469 estes
1551 442 1623 469 (203

221 499 389 561 fievres
413 503 686 563 quartaz'nes
706 499 721 545 J
749 521 770 543 >›
799 510 845 545 et
873 516 982 546 cum
1017 499 1153 546 sociis
1187 499 1303 559 suis,
1335 500 1416 562 qui
1446 516 1541 546 una
1565 501 1623 546 ad

219 574 478 621 videndum
539 593 696 639 regem
755 575 1106 634 confluxerant,
1166 592 1275 620 eum
1334 577 1621 635 ostenderet,

221 650 381 697 dicens
413 653 477 698 eis
512 671 520 698 :
552 672 573 696 «
604 652 768 698 Videte
800 652 939 696 istum
975 652 1246 713 garcionem
1267 654 1307 709 ¹,
1352 652 1432 713 qui
1469 669 1625 714 regem

220 744 267 773 se
293 745 391 774 esse
417 729 558 789 dixit,
581 749 602 771 2>
633 738 867 792 quotquot
888 728 1002 774 illud
1025 728 1267 775 audientes
1287 740 1440 787 erant,
1467 731 1627 776 similis

219 805 383 867 probri
402 805 702 851 maledictum
725 806 774 850 in
797 821 906 850 eum
924 804 1247 863 cumulabant,
1272 805 1377 864 sibi,
1400 817 1626 869 tanquam

219 882 417 928 ridiculo
451 883 587 928 alicui
612 884 839 944 ganeoni,
866 899 949 946 per
968 883 1110 929 totius
1132 882 1393 931 suburbani
1424 885 1626 948 spatium

220 958 463 1005 illudentes
481 969 526 1005 et
550 969 655 1022 post
677 976 786 1005 eum
806 960 1130 1007 acclamantes.

285 1038 335 1080 In
366 1037 598 1099 plerisque
629 1037 770 1083 etiam
801 1038 931 1099 regni
963 1037 1251 1098 civitatibUS,
1278 1039 1337 1084 ad
1373 1055 1489 1102 quas
1520 1050 1627 1086 ante

220 1130 316 1158 non
353 1114 621 1172 introierat,
663 1131 773 1160 cum
813 1125 938 1160 totus
974 1115 1178 1179 populus
1221 1132 1304 1179 per
1348 1117 1628 1181 principales

220 1192 396 1254 plateas
433 1191 629 1250 effusus,
669 1209 752 1256 per
794 1209 909 1256 quas
954 1194 1201 1240 transitum
1244 1193 1478 1241 facturum
1517 1212 1625 1241 eum

216 1268 448 1331 sperabat,
480 1270 579 1331 ejus
594 1269 861 1332 jucundum
892 1272 1185 1334 opperiretur
1208 1272 1463 1318 adventum
1486 1273 1627 1334 (quas

216 1345 452 1392 interdum
505 1346 705 1410 desuper
739 1348 937 1391 extensis
986 1348 1178 1393 cortinis
1207 1348 1390 1410 aliaque
1422 1349 1625 1411 pretiosa

214 1422 529 1485 suppellectile
570 1432 876 1482 ornaverant,
905 1432 951 1468 et
981 1423 1028 1467 in
1058 1424 1234 1469 eisdem
1270 1424 1330 1470 ad
1361 1425 1505 1488 ipsius
1544 1426 1627 1472 ho-

213 1513 381 1543 norem
426 1498 577 1544 varias
621 1514 779 1543 rerum
822 1500 1254 1561 repraesentationes
1289 1510 1428 1564 atque
1473 1502 1626 1548 homi-

213 1592 327 1621 num
349 1577 423 1622 vel
449 1576 705 1622 bestiarum
727 1577 975 1623 simulacra
997 1589 1384 1642 composuerant,
1411 1591 1553 1643 prout
1574 1581 1621 1626 in

211 1652 381 1699 talibus
410 1653 610 1717 publicis
642 1653 1016 1715 jucunditatibus
1048 1655 1147 1701 fieri
1174 1657 1381 1718 assolet),
1408 1658 1523 1720 ipse,
1548 1659 1623 1703 ci-

212 1731 363 1776 vitatis
397 1740 584 1793 portam
623 1731 877 1792 ingressus,
911 1748 995 1795 per
1029 1731 1192 1779 devios
1230 1734 1438 1779 tramites
1470 1736 1623 1780 statim

213 1806 453 1869 publicam
484 1808 686 1870 plateam
720 1807 1007 1872 declinabat,
1052 1818 1098 1854 et
1137 1809 1197 1855 ad
1242 1811 1501 1874 hospitium
1534 1811 1620 1857 sibi

212 1891 523 1944 praeparatuni
560 1882 833 1944 pervenire,
860 1891 1038 1945 quanto
1072 1884 1272 1947 amplius
1300 1895 1504 1948 poterat,
1533 1886 1621 1932 fes-

212 1958 406 2004 tinabat.
437 1958 572 2003 Unde
602 1968 851 2022 propterea
878 1960 925 2004 in
950 1959 1234 2022 quibusdam
1264 1961 1402 2019 lociS,
1429 1963 1489 2010 ad
1520 1979 1622 2025 quae

212 2035 525 2096 ingressurus²
551 2036 767 2098 primitus
792 2036 1100 2094 adventabat,
1128 2037 1330 2083 fixerunt
1352 2040 1474 2085 cives
1500 2040 1621 2087 intra

210 2124 371 2177 portas
399 2115 446 2159 in
483 2114 597 2159 vicis
620 2114 888 2161 lateralibus
913 2116 1133 2178 repagula
1154 2116 1414 2178 lignorum,
1448 2134 1507 2163 ne
1539 2136 1622 2182 per

213 2196 405 2242 eosdem
438 2212 534 2242 sese
565 2198 845 2259 porrigeret,
885 2197 965 2243 sed
1001 2215 1085 2261 per
1118 2199 1215 2245 vias
1240 2198 1440 2247 famosas
1472 2211 1517 2246 et
1543 2202 1620 2246 in-

213 2273 363 2334 signes
383 2283 627 2334 cogeretur
653 2274 885 2319 incedere.

279 2352 560 2412 Quanquam
592 2360 748 2397 autem
775 2368 927 2413 neque
960 2353 1112 2415 specie
1147 2364 1192 2398 et
1221 2355 1373 2401 forma
1395 2356 1617 2417 eleganti,

215 2445 315 2490 quae
353 2430 493 2491 digna
539 2431 773 2476 videretur
814 2431 1036 2494 imperio,
1080 2450 1232 2496 neque
1272 2435 1385 2481 facie
1424 2435 1622 2481 decorus

217 2520 355 2569 esset,
388 2512 472 2557 fuit
495 2522 651 2558 tamen
684 2514 790 2559 satis
816 2514 998 2576 patiens
1026 2516 1086 2562 ad
1112 2517 1414 2579 perferendos
1442 2517 1620 2564 labores

271 2677 287 2710 1
300 2703 307 2711 .
342 2679 483 2722 Garcon
500 2679 598 2714 avait
618 2680 715 2716 alors
735 2681 769 2715 le
788 2693 872 2717 sens
891 2681 937 2717 de
955 2682 1051 2718 valet
1075 2683 1121 2720 de
1140 2682 1205 2718 bas
1227 2685 1345 2732 etage.

273 2739 308 2773 ⁹2.
341 2739 411 2775 Ms.
434 2740 627 2786 ingressus.
