1875 2956
668 209 744 244 Lm
752 209 811 243 ER
853 206 1101 242 SEPTIMUS.
1511 207 1523 239 1
1536 208 1575 240 51

186 297 370 341 civitate
393 306 525 341 erant
548 312 730 340 summo
750 295 859 340 odio
886 310 1021 339 suum
1046 292 1317 354 episcopum
1343 290 1580 338 habentes.

186 371 466 417 sufficientes
488 372 652 432 vigilite
676 372 746 417 vel
771 370 987 416 custodes
1006 367 1204 414 adhibiti
1228 367 1430 412 luerunt.
1452 368 1584 412 Unde

185 448 368 493 exitiale
391 449 567 494 malum
593 448 807 511 provenit
831 446 1019 492 civitati.

249 527 282 568 F
284 525 378 570 eria
398 523 627 586 siquidem
648 532 828 585 quarta,
848 537 950 584 quae
966 529 1064 566 erat
1080 519 1178 565 dies
1196 519 1393 581 septima
1410 520 1520 564 maii
1541 532 1586 566 et

184 600 338 661 vigilia
354 600 645 646 Ascensionis
665 598 928 655 dominicas,
952 597 1078 642 dicto
1102 612 1229 642 anno
1246 611 1582 657 mccchxxxni,

184 677 243 721 de
279 687 414 721 nocte
432 679 459 734 ¹,
486 677 608 721 circa
633 675 803 720 horam
831 673 1087 720 secundam
1116 682 1222 735 post
1244 672 1448 718 mediam
1476 689 1586 719 noc-

184 763 302 811 tem,
331 754 556 797 irruentes
578 751 669 796 illic
696 751 923 795 Henricus
955 749 1013 794 de
1054 747 1273 796 Nievelde
1303 758 1349 794 et
1371 750 1586 796 satellites

182 847 301 892 quos
325 830 381 877 de
410 839 532 875 terra
554 829 756 874 Clivensi
782 838 828 873 et
850 826 1164 873 Amersfordia
1194 843 1352 872 secum
1379 826 1585 873 adduxe-

183 918 269 967 rat,
300 908 556 963 neminem,
583 906 663 968 qui
686 921 773 969 pro
800 904 1072 950 defensione
1096 913 1236 950 staret
1258 904 1304 948 in
1330 903 1581 964 moenibus,

182 985 475 1030 invenerunt.
524 982 658 1027 Unde
701 982 833 1028 facile
876 981 1078 1028 admotis
1115 981 1249 1026 scalis
1287 980 1346 1026 ad
1391 997 1580 1039 muros,

183 1060 435 1106 obsistente
454 1060 602 1117 nullO,
619 1057 948 1105 transcendere
968 1074 1127 1103 muros
1144 1067 1413 1120 potuerunt.
1436 1060 1472 1102 E
1487 1058 1587 1120 qui-

181 1137 270 1183 bus
306 1153 415 1183 cum
451 1135 667 1181 modicus
706 1151 930 1180 numerus
959 1136 1081 1180 intro
1122 1135 1355 1196 civitatem
1392 1135 1583 1181 descen-

181 1213 350 1270 disset,
383 1213 526 1259 fertur
557 1211 685 1274 quod
719 1210 973 1274 quamdam
1005 1221 1191 1274 portam
1224 1212 1467 1274 parvulam
1501 1226 1580 1257 seu

181 1293 351 1338 ostium
369 1329 380 1351 ‚
418 1307 502 1355 per
527 1290 658 1353 quod
685 1299 1019 1353 praeparatores
1042 1290 1279 1334 coriorum
1312 1287 1370 1333 ad
1410 1289 1579 1334 fossam

180 1369 375 1414 civitatis
406 1377 452 1414 et
482 1383 653 1429 aquam
685 1367 808 1411 exire
831 1374 1191 1423 consueverant,
1218 1365 1508 1426 aperuerint,
1536 1376 1582 1411 et

180 1462 262 1509 per
287 1444 558 1507 hujusmodi
588 1444 797 1488 foramen
821 1458 903 1486 seu
927 1442 1099 1486 ostium
1125 1440 1314 1487 turbam
1344 1443 1580 1489 sociorum

178 1537 371 1567 suorum
409 1519 760 1565 intromiserim.
799 1518 891 1573 Qui
928 1533 1092 1562 omnes
1120 1517 1167 1562 in
1199 1533 1348 1562 unum
1386 1518 1578 1579 globum

178 1597 383 1654 collecti,
419 1597 511 1642 suis
553 1596 707 1658 stipati
747 1595 915 1653 armis,
950 1594 1183 1657 praecipue
1214 1593 1576 1652 bomlmrdellis,

178 1672 354 1719 balistis
377 1682 421 1719 et
446 1673 617 1728 contis,
654 1672 857 1734 plateam
885 1670 1082 1715 civitatis
1115 1671 1363 1733 petierunt.
1404 1674 1454 1716 ln
1487 1689 1580 1734 qua

179 1749 410 1811 siquidem
432 1750 624 1794 inventa
645 1763 789 1811 parva
821 1763 967 1792 manu
989 1746 1400 1809 stipendiariorum
1418 1785 1429 1806 ‚
1461 1765 1580 1811 quos

181 1826 403 1888 proximis
428 1833 535 1870 ante
559 1823 723 1870 diebus
748 1822 903 1868 bonus
924 1822 1132 1885 pontifex
1154 1839 1240 1885 pro
1264 1823 1475 1869 custodia
1494 1825 1578 1870 ad-

179 1904 390 1962 sciverat,
418 1919 525 1947 eum
549 1902 613 1946 eis
637 1901 781 1945 ferme
798 1916 881 1962 per
904 1899 1104 1944 duarum
1128 1900 1329 1962 spatium
1355 1900 1579 1946 horarum

179 1980 458 2024 acerrimum
481 1978 754 2023 conflictum
773 1976 1055 2022 habuerunt.
1081 1975 1406 2022 Defendebant
1421 1980 1434 2000 ²
1455 1979 1578 2023 enim

179 2055 243 2100 illi
266 2064 452 2101 strenue.
475 2056 677 2118 plateam
697 2073 707 2110 ς
733 2053 1070 2099 bombardellis
1093 2064 1139 2099 et
1161 2054 1296 2098 variis
1330 2054 1579 2100 missilibus

179 2133 396 2177 inimicos
420 2133 642 2196 repellere
668 2131 951 2192 satagebant.

244 2209 543 2255 Hori-endum
577 2218 675 2254 erat
700 2218 744 2253 et
774 2207 1068 2253 formidabile
1091 2207 1254 2253 audire
1284 2207 1584 2254 bombardel-

182 2287 331 2331 larum
351 2296 397 2332 et
419 2286 661 2331 missilium
690 2285 840 2346 jactus
855 2322 866 2342 ,
893 2286 973 2347 qui
996 2285 1107 2329 hinc
1130 2294 1175 2329 et
1198 2284 1307 2330 inde
1331 2285 1582 2331 mittebam·

182 2372 256 2407 tur
275 2383 286 2422 3
331 2373 427 2408 tam
468 2363 593 2407 enim
640 2361 807 2407 crebro
848 2372 893 2406 et
937 2363 1218 2408 incessanter
1255 2362 1548 2425 crepitabant
1569 2398 1578 2417 ,

240 2502 272 2537 1.
306 2499 499 2536 Matthaeus
514 2529 522 2543 ‚
544 2500 691 2550 d‘aprcs
715 2500 766 2536 les
786 2500 959 2550 registres
979 2499 1026 2535 de
1044 2499 1172 2536 l'llotel
1193 2500 1239 2536 de
1258 2499 1346 2535 ville
1365 2497 1561 2535 ‹l'Utreeht
1574 2527 1582 2543 ,

187 2561 328 2609 corrige
351 2561 522 2597 l'cnoncc¹
550 2562 595 2597 (le
620 2571 717 2597 cette
751 2562 836 2598 date
851 2591 859 2606 ‚
890 2562 951 2610 qui
980 2562 1067 2598 etait
1087 2560 1248 2598 l’octave
1268 2570 1302 2597 et
1322 2574 1398 2597 non
1421 2562 1455 2597 la
1476 2560 1585 2597 veille

189 2621 234 2657 dc
251 2622 494 2658 l'Ascension.

240 2685 276 2718 2.
308 2684 502 2718 Matthwus
521 2686 778 2731 defenderant.
