1875 2956
202 266 276 301 366
754 260 999 296 APOLOGIA
1014 287 1021 298 ,

684 454 1020 500 CAPITULUM
1054 453 1130 496 IV.

633 586 794 623 Secunda
810 586 899 621 ratio
919 586 1183 623 consolationis,

269 724 386 769 Huic
405 740 517 769 vero
539 724 700 786 primae
723 722 893 786 speciei
915 721 1252 767 consolationis
1275 721 1481 767 secunda
1501 738 1611 768 con-

204 802 421 858 nectitur,
453 800 670 846 videlicet
690 799 818 863 quod
834 835 845 856 ,
872 799 957 844 Dei
981 798 1259 862 providente
1281 797 1340 843 de
1363 797 1502 845 nobis
1529 800 1611 844 mi-

204 879 474 936 sericordia,
492 877 551 923 de
567 878 812 940 tyrannica
829 876 1156 922 dominatione
1173 885 1217 921 et
1231 876 1358 937 gravi
1376 877 1609 937 servitute,

205 966 429 1018 tanquam
452 955 511 1001 de
532 958 733 1018 AEgypto
758 954 831 999 vel
863 954 921 999 de
946 956 1011 998 Ur
1033 953 1363 999 Chaldaeorum
1386 964 1433 999 et
1455 955 1613 1001 medio

207 1031 484 1094 Babylonis,
515 1031 563 1076 in
598 1031 767 1076 Christi
802 1028 1066 1075 libertatem
1104 1030 1258 1075 vocati
1298 1046 1379 1076 seu
1420 1032 1615 1078 restituti

205 1125 382 1154 sumus.

271 1186 415 1245 Olim,
441 1194 490 1230 ut
510 1187 660 1230 Caesar
681 1185 727 1229 in
749 1186 822 1229 vl.
845 1185 1306 1230 Commentariorum
1331 1183 1442 1230 belli
1466 1185 1617 1248 gallici

206 1262 383 1321 scribit,
430 1263 478 1307 in
515 1261 666 1308 Gallia
705 1261 833 1307 fuere
869 1260 966 1307 duo
1010 1278 1181 1323 genera
1221 1262 1498 1322 hominum,
1538 1263 1619 1324 qui

207 1341 366 1404 aliquo
399 1350 534 1387 erant
562 1355 762 1385 numero
794 1349 841 1384 et
870 1338 1078 1398 honore,
1115 1340 1289 1386 scilicet
1323 1340 1546 1386 druidum
1575 1349 1619 1385 et

207 1419 418 1481 equitum
435 1438 446 1477 ;
474 1427 638 1463 caetera
657 1433 769 1462 vero
786 1416 920 1480 plebs
941 1416 1048 1462 loco
1072 1433 1316 1463 servorum
1335 1417 1614 1464 habebatur.

209 1497 266 1539 Et
288 1493 590 1558 potiebantur
615 1504 730 1540 tunc
755 1493 971 1551 druides,
997 1494 1079 1556 qui
1110 1494 1232 1539 illius
1261 1495 1486 1558 temporis
1515 1494 1620 1539 reli-

211 1571 339 1633 gioni
378 1570 707 1632 sacrificiisque
753 1570 1012 1629 vacabant,
1058 1571 1274 1617 maximis
1328 1571 1617 1632 honoribus,

210 1645 586 1692 immunitatibus
610 1654 751 1707 atque
773 1644 1084 1706 libertatibus,
1108 1646 1280 1709 quihus
1304 1648 1446 1693 etiam
1477 1648 1622 1693 chris-

211 1724 347 1769 tianae
373 1723 611 1783 religionis
640 1721 932 1784 temporibus
954 1740 1066 1784 gens
1090 1724 1389 1769 sacerdotalis
1414 1726 1624 1770 similiter

213 1801 261 1845 in
294 1801 445 1846 Gallia
479 1799 593 1844 olim
635 1798 784 1861 potita
821 1803 927 1858 est²,
964 1800 1073 1844 licet
1105 1800 1360 1861 aliquando
1390 1801 1512 1864 plus,
1539 1802 1623 1847 ali-

213 1877 407 1940 quando
431 1876 603 1922 minus.
628 1874 780 1920 Hodie
802 1892 915 1921 vero
933 1893 1055 1921 unus
1074 1878 1155 1939 qui
1172 1876 1266 1922 illic
1288 1877 1503 1941 imperat,
1526 1894 1624 1923 non

215 1955 368 2000 solum
393 1953 583 2018 plebem
609 1970 828 2011 omnem,
857 1953 940 1999 sed
971 1964 1016 1999 et
1045 1955 1223 2000 clerum
1245 1965 1384 2018 atque
1408 1956 1625 2002 sacerdo-

215 2033 333 2077 tium
356 2032 542 2077 servitio
561 2030 757 2090 addixit,
787 2031 917 2075 omni
936 2048 1126 2094 prorsus
1150 2031 1363 2078 libertate
1387 2033 1623 2097 adempta,

217 2125 305 2155 nec
338 2109 491 2154 solum
532 2107 691 2169 quoad
735 2108 1044 2155 conserendas
1077 2111 1300 2173 pecunias
1330 2120 1409 2156 aut
1444 2110 1628 2156 servitia

219 2186 456 2232 saecularia
483 2185 792 2248 imponenda,
829 2202 993 2232 verum
1025 2188 1165 2233 etiam
1194 2188 1351 2249 quoad
1387 2204 1627 2234 sacrorum

219 2262 592 2326 dispositionem,
620 2262 924 2325 praelatosque
945 2280 1033 2327 pro
1060 2274 1175 2310 nutu
1196 2265 1505 2310 instituendos
1527 2263 1631 2309 ubi-

220 2338 335 2385 libet
357 2348 495 2401 atque
521 2340 693 2402 pariter
718 2338 1056 2399 destituendos,
1081 2340 1262 2387 sublata
1283 2342 1462 2387 cunctis
1483 2341 1628 2386 ecclc-

223 2418 299 2463 siis
333 2416 608 2479 generaliter
642 2416 855 2463 libertate
890 2417 978 2463 sibi
1014 2428 1221 2481 pastores
1253 2418 1472 2481 eligendi,
1501 2427 1632 2464 caete-

279 2551 316 2588 1.
348 2547 509 2585 Thomas
538 2545 651 2583 Rasin
673 2545 769 2583 n'est
790 2560 856 2597 pas
885 2547 920 2583 le
945 2547 1112 2598 premier
1134 2548 1200 2597 qui
1218 2548 1270 2584 ait
1289 2548 1353 2585 fait
1376 2556 1472 2585 cette
1489 2548 1633 2585 assimi—

225 2613 341 2650 lation
364 2612 430 2650 des
455 2611 608 2648 druides
629 2624 722 2648 avec
749 2611 783 2648 le
809 2611 935 2663 clerge
965 2611 1015 2648 (lu
1040 2625 1177 2661 moyen
1208 2615 1292 2664 age.
1323 2613 1403 2650 Elle
1432 2626 1470 2651 se
1496 2622 1632 2650 trouve

225 2676 309 2723 deja
330 2675 422 2712 ‹lans-
439 2675 474 2711 le
492 2673 770 2711 commentaire
791 2673 837 2711 de
855 2674 975 2711 Raoul
998 2674 1044 2711 de
1064 2675 1209 2712 Presles
1225 2689 1290 2712 sui·
1310 2675 1345 2712 la
1359 2676 1438 2713 Cite'
1457 2675 1504 2712 de
1517 2676 1628 2722 Dieu,

227 2738 250 2777 Ι,
277 2741 323 2787 V,
344 2738 454 2788 chap.
476 2750 564 2774 xxV.
