<?xml version="1.0" encoding="UTF-8"?>
<!DOCTYPE html PUBLIC "-//W3C//DTD XHTML 1.0 Transitional//EN"
    "http://www.w3.org/TR/xhtml1/DTD/xhtml1-transitional.dtd">
<html xmlns="http://www.w3.org/1999/xhtml" xml:lang="en" lang="en">
 <head>
  <title>
</title>
<meta http-equiv="Content-Type" content="text/html;charset=utf-8" />
  <meta name='ocr-system' content='tesseract 3.04.00' />
  <meta name='ocr-capabilities' content='ocr_page ocr_carea ocr_par ocr_line ocrx_word'/>
</head>
<body>
  <div class='ocr_page' id='page_1' title='image "./histoiredesrgn03basi_0390.png"; bbox 0 0 1875 2956; ppageno 0'>
   <div class='ocr_carea' id='block_1_1' title="bbox 265 246 1097 291">
    <p class='ocr_par' dir='ltr' id='par_1_1' title="bbox 265 246 1097 291">
     <span class='ocr_line' id='line_1_1' title="bbox 265 246 1097 291; baseline -0.005 -7"><span class='ocrx_word' id='word_1_1' title='bbox 265 249 339 284; x_wconf 82' lang='lat'>338</span> <span class='ocrx_word' id='word_1_2' title='bbox 828 246 1072 281; x_wconf 77' lang='lat' dir='ltr'>APOLOGIA</span> <span class='ocrx_word' id='word_1_3' title='bbox 1088 275 1097 291; x_wconf 88' lang='lat'>,</span> 
     </span>
    </p>
   </div>
   <div class='ocr_carea' id='block_1_2' title="bbox 263 331 1666 470">
    <p class='ocr_par' dir='ltr' id='par_1_2' title="bbox 263 331 1666 470">
     <span class='ocr_line' id='line_1_2' title="bbox 265 331 1666 395; baseline -0.001 -14"><span class='ocrx_word' id='word_1_4' title='bbox 265 335 395 381; x_wconf 90' lang='lat' dir='ltr'>omni</span> <span class='ocrx_word' id='word_1_5' title='bbox 428 334 714 395; x_wconf 79' lang='lat' dir='ltr'>obligatione</span> <span class='ocrx_word' id='word_1_6' title='bbox 755 331 986 395; x_wconf 78' lang='lat' dir='ltr'>praecipue</span> <span class='ocrx_word' id='word_1_7' title='bbox 1026 331 1195 377; x_wconf 88' lang='lat' dir='ltr'>debeat</span> <span class='ocrx_word' id='word_1_8' title='bbox 1228 331 1332 378; x_wconf 82' lang='lat' dir='ltr'>finis</span> <span class='ocrx_word' id='word_1_9' title='bbox 1369 333 1666 395; x_wconf 84' lang='lat' dir='ltr'>obligationis</span> 
     </span>
     <span class='ocr_line' id='line_1_3' title="bbox 263 403 1664 470; baseline -0.001 -16"><span class='ocrx_word' id='word_1_10' title='bbox 263 407 458 467; x_wconf 84' lang='lat' dir='ltr'>attendi,</span> <span class='ocrx_word' id='word_1_11' title='bbox 485 405 694 470; x_wconf 83' lang='lat' dir='ltr'>episcopi</span> <span class='ocrx_word' id='word_1_12' title='bbox 717 414 874 450; x_wconf 88' lang='lat' dir='ltr'>autem</span> <span class='ocrx_word' id='word_1_13' title='bbox 896 422 944 451; x_wconf 89' lang='lat' dir='ltr'>se</span> <span class='ocrx_word' id='word_1_14' title='bbox 967 405 1177 466; x_wconf 84' lang='lat' dir='ltr'>obligent</span> <span class='ocrx_word' id='word_1_15' title='bbox 1207 403 1267 450; x_wconf 90' lang='lat' dir='ltr'>ad</span> <span class='ocrx_word' id='word_1_16' title='bbox 1292 407 1522 468; x_wconf 83' lang='lat' dir='ltr'>pastorale</span> <span class='ocrx_word' id='word_1_17' title='bbox 1552 406 1664 452; x_wconf 84' lang='lat' dir='ltr'>offi-</span> 
     </span>
    </p>
   </div>
   <div class='ocr_carea' id='block_1_3' title="bbox 261 481 1686 2770">
    <p class='ocr_par' dir='ltr' id='par_1_3' title="bbox 261 481 1673 1295">
     <span class='ocr_line' id='line_1_4' title="bbox 263 481 1664 546; baseline -0.001 -16"><span class='ocrx_word' id='word_1_18' title='bbox 263 485 389 530; x_wconf 91' lang='lat' dir='ltr'>cium</span> <span class='ocrx_word' id='word_1_19' title='bbox 415 482 765 546; x_wconf 82' lang='lat' dir='ltr'>exsequendum</span> <span class='ocrx_word' id='word_1_20' title='bbox 796 492 987 546; x_wconf 89' lang='lat' dir='ltr'>propter</span> <span class='ocrx_word' id='word_1_21' title='bbox 1017 481 1314 529; x_wconf 89' lang='lat' dir='ltr'>subditorum</span> <span class='ocrx_word' id='word_1_22' title='bbox 1343 483 1558 543; x_wconf 89' lang='lat' dir='ltr'>salutem,</span> <span class='ocrx_word' id='word_1_23' title='bbox 1583 483 1664 529; x_wconf 86' lang='lat' dir='ltr'>ubi</span> 
     </span>
     <span class='ocr_line' id='line_1_5' title="bbox 263 559 1660 623; baseline -0.001 -17"><span class='ocrx_word' id='word_1_24' title='bbox 263 561 562 607; x_wconf 83' lang='lat' dir='ltr'>subditorum</span> <span class='ocrx_word' id='word_1_25' title='bbox 588 560 712 606; x_wconf 88' lang='lat' dir='ltr'>salus</span> <span class='ocrx_word' id='word_1_26' title='bbox 735 560 872 620; x_wconf 80' lang='lat' dir='ltr'>exigit</span> <span class='ocrx_word' id='word_1_27' title='bbox 895 576 1104 623; x_wconf 80' lang='lat' dir='ltr'>personae</span> <span class='ocrx_word' id='word_1_28' title='bbox 1129 559 1323 622; x_wconf 90' lang='lat' dir='ltr'>pastoris</span> <span class='ocrx_word' id='word_1_29' title='bbox 1349 561 1660 621; x_wconf 61' lang='lat' dir='ltr'>praesentiam,</span> 
     </span>
     <span class='ocr_line' id='line_1_6' title="bbox 264 635 1662 700; baseline 0 -18"><span class='ocrx_word' id='word_1_30' title='bbox 264 653 361 682; x_wconf 91' lang='lat' dir='ltr'>non</span> <span class='ocrx_word' id='word_1_31' title='bbox 385 636 526 682; x_wconf 84' lang='lat' dir='ltr'>debet</span> <span class='ocrx_word' id='word_1_32' title='bbox 551 646 710 700; x_wconf 86' lang='lat' dir='ltr'>pastor</span> <span class='ocrx_word' id='word_1_33' title='bbox 743 652 927 697; x_wconf 78' lang='lat' dir='ltr'>gregem</span> <span class='ocrx_word' id='word_1_34' title='bbox 950 652 1087 681; x_wconf 90' lang='lat' dir='ltr'>suum</span> <span class='ocrx_word' id='word_1_35' title='bbox 1108 635 1413 698; x_wconf 82' lang='lat' dir='ltr'>personaliter</span> <span class='ocrx_word' id='word_1_36' title='bbox 1436 635 1662 695; x_wconf 90' lang='lat' dir='ltr'>deserere,</span> 
     </span>
     <span class='ocr_line' id='line_1_7' title="bbox 263 711 1667 776; baseline 0.001 -18"><span class='ocrx_word' id='word_1_37' title='bbox 263 730 416 775; x_wconf 89' lang='lat' dir='ltr'>neque</span> <span class='ocrx_word' id='word_1_38' title='bbox 438 723 631 776; x_wconf 87' lang='lat' dir='ltr'>propter</span> <span class='ocrx_word' id='word_1_39' title='bbox 655 713 846 774; x_wconf 82' lang='lat' dir='ltr'>aliquod</span> <span class='ocrx_word' id='word_1_40' title='bbox 879 711 1187 758; x_wconf 88' lang='lat' dir='ltr'>commodum</span> <span class='ocrx_word' id='word_1_41' title='bbox 1212 712 1490 775; x_wconf 85' lang='lat' dir='ltr'>temporale,</span> <span class='ocrx_word' id='word_1_42' title='bbox 1517 729 1667 775; x_wconf 92' lang='lat' dir='ltr'>neque</span> 
     </span>
     <span class='ocr_line' id='line_1_8' title="bbox 262 788 1669 853; baseline 0.001 -19"><span class='ocrx_word' id='word_1_43' title='bbox 262 799 454 853; x_wconf 87' lang='lat' dir='ltr'>propter</span> <span class='ocrx_word' id='word_1_44' title='bbox 483 790 727 852; x_wconf 89' lang='lat' dir='ltr'>personale</span> <span class='ocrx_word' id='word_1_45' title='bbox 753 790 1016 853; x_wconf 87' lang='lat' dir='ltr'>periculum</span> <span class='ocrx_word' id='word_1_46' title='bbox 1039 788 1128 834; x_wconf 91' lang='lat' dir='ltr'>sibi</span> <span class='ocrx_word' id='word_1_47' title='bbox 1157 789 1425 848; x_wconf 85' lang='lat' dir='ltr'>imminens,</span> <span class='ocrx_word' id='word_1_48' title='bbox 1452 804 1558 834; x_wconf 91' lang='lat' dir='ltr'>cum</span> <span class='ocrx_word' id='word_1_49' title='bbox 1582 789 1669 835; x_wconf 90' lang='lat' dir='ltr'>bo·</span> 
     </span>
     <span class='ocr_line' id='line_1_9' title="bbox 262 865 1667 930; baseline 0 -19"><span class='ocrx_word' id='word_1_50' title='bbox 262 882 350 912; x_wconf 90' lang='lat' dir='ltr'>nus</span> <span class='ocrx_word' id='word_1_51' title='bbox 377 877 535 930; x_wconf 86' lang='lat' dir='ltr'>pastor</span> <span class='ocrx_word' id='word_1_52' title='bbox 559 865 729 912; x_wconf 87' lang='lat' dir='ltr'>debeat</span> <span class='ocrx_word' id='word_1_53' title='bbox 750 883 928 930; x_wconf 89' lang='lat' dir='ltr'>ponere</span> <span class='ocrx_word' id='word_1_54' title='bbox 953 867 1160 912; x_wconf 88' lang='lat' dir='ltr'>animam</span> <span class='ocrx_word' id='word_1_55' title='bbox 1185 882 1270 929; x_wconf 89' lang='lat' dir='ltr'>pro</span> <span class='ocrx_word' id='word_1_56' title='bbox 1295 865 1462 911; x_wconf 88' lang='lat' dir='ltr'>ovibus</span> <span class='ocrx_word' id='word_1_57' title='bbox 1487 865 1596 912; x_wconf 90' lang='lat' dir='ltr'>suis.</span> <span class='ocrx_word' id='word_1_58' title='bbox 1624 867 1667 911; x_wconf 91' lang='lat' dir='ltr'>Si</span> 
     </span>
     <span class='ocr_line' id='line_1_10' title="bbox 261 942 1671 1007; baseline -0.001 -18"><span class='ocrx_word' id='word_1_59' title='bbox 261 959 373 989; x_wconf 89' lang='lat' dir='ltr'>vero</span> <span class='ocrx_word' id='word_1_60' title='bbox 411 943 709 989; x_wconf 88' lang='lat' dir='ltr'>subditorum</span> <span class='ocrx_word' id='word_1_61' title='bbox 745 944 879 990; x_wconf 90' lang='lat' dir='ltr'>saluti</span> <span class='ocrx_word' id='word_1_62' title='bbox 915 944 1061 1007; x_wconf 86' lang='lat' dir='ltr'>possit</span> <span class='ocrx_word' id='word_1_63' title='bbox 1092 960 1176 1007; x_wconf 90' lang='lat' dir='ltr'>per</span> <span class='ocrx_word' id='word_1_64' title='bbox 1208 943 1352 989; x_wconf 90' lang='lat' dir='ltr'>alium</span> <span class='ocrx_word' id='word_1_65' title='bbox 1390 942 1671 989; x_wconf 83' lang='lat' dir='ltr'>sufficienter</span> 
     </span>
     <span class='ocr_line' id='line_1_11' title="bbox 262 1019 1670 1083; baseline 0.001 -18"><span class='ocrx_word' id='word_1_66' title='bbox 262 1020 502 1082; x_wconf 78' lang='lat' dir='ltr'>provideri</span> <span class='ocrx_word' id='word_1_67' title='bbox 527 1021 574 1066; x_wconf 92' lang='lat' dir='ltr'>in</span> <span class='ocrx_word' id='word_1_68' title='bbox 601 1019 815 1066; x_wconf 89' lang='lat' dir='ltr'>absentia</span> <span class='ocrx_word' id='word_1_69' title='bbox 847 1021 1063 1083; x_wconf 86' lang='lat' dir='ltr'>pastoris,</span> <span class='ocrx_word' id='word_1_70' title='bbox 1101 1030 1214 1065; x_wconf 88' lang='lat' dir='ltr'>tunc</span> <span class='ocrx_word' id='word_1_71' title='bbox 1237 1020 1344 1065; x_wconf 86' lang='lat' dir='ltr'>licet</span> <span class='ocrx_word' id='word_1_72' title='bbox 1365 1020 1564 1083; x_wconf 85' lang='lat' dir='ltr'>pastori,</span> <span class='ocrx_word' id='word_1_73' title='bbox 1599 1020 1670 1066; x_wconf 88' lang='lat' dir='ltr'>vel</span> 
     </span>
     <span class='ocr_line' id='line_1_12' title="bbox 261 1096 1671 1161; baseline 0.001 -20"><span class='ocrx_word' id='word_1_74' title='bbox 261 1107 455 1161; x_wconf 89' lang='lat' dir='ltr'>propter</span> <span class='ocrx_word' id='word_1_75' title='bbox 487 1097 679 1160; x_wconf 84' lang='lat' dir='ltr'>aliquod</span> <span class='ocrx_word' id='word_1_76' title='bbox 711 1096 914 1143; x_wconf 81' lang='lat' dir='ltr'>ecclesiae</span> <span class='ocrx_word' id='word_1_77' title='bbox 949 1096 1282 1157; x_wconf 89' lang='lat' dir='ltr'>commodum,</span> <span class='ocrx_word' id='word_1_78' title='bbox 1322 1097 1393 1142; x_wconf 84' lang='lat' dir='ltr'>vel</span> <span class='ocrx_word' id='word_1_79' title='bbox 1428 1097 1671 1160; x_wconf 88' lang='lat' dir='ltr'>personale</span> 
     </span>
     <span class='ocr_line' id='line_1_13' title="bbox 261 1168 1673 1238; baseline 0.001 -21"><span class='ocrx_word' id='word_1_80' title='bbox 261 1172 351 1218; x_wconf 89' lang='lat' dir='ltr'>sibi</span> <span class='ocrx_word' id='word_1_81' title='bbox 387 1168 639 1221; x_wconf 79' lang='lat' dir='ltr'>i&#39;rnminens</span> <span class='ocrx_word' id='word_1_82' title='bbox 673 1174 961 1238; x_wconf 84' lang='lat' dir='ltr'>periculum,</span> <span class='ocrx_word' id='word_1_83' title='bbox 991 1174 1297 1237; x_wconf 82' lang='lat' dir='ltr'>corporaliter</span> <span class='ocrx_word' id='word_1_84' title='bbox 1335 1189 1521 1235; x_wconf 83' lang='lat' dir='ltr'>gregem</span> <span class='ocrx_word' id='word_1_85' title='bbox 1547 1173 1673 1220; x_wconf 90' lang='lat' dir='ltr'>dese-</span> 
     </span>
     <span class='ocr_line' id='line_1_14' title="bbox 262 1265 436 1295; baseline -0.011 -1"><span class='ocrx_word' id='word_1_86' title='bbox 262 1265 380 1295; x_wconf 74' lang='lat' dir='ltr'>rere.</span> <span class='ocrx_word' id='word_1_87' title='bbox 413 1269 436 1293; x_wconf 83' lang='lat'>))</span> 
     </span>
    </p>

    <p class='ocr_par' dir='ltr' id='par_1_4' title="bbox 262 1326 1686 2770">
     <span class='ocr_line' id='line_1_15' title="bbox 328 1326 1672 1391; baseline 0.001 -20"><span class='ocrx_word' id='word_1_88' title='bbox 328 1326 419 1372; x_wconf 86' lang='lat' dir='ltr'>Sed</span> <span class='ocrx_word' id='word_1_89' title='bbox 453 1337 603 1388; x_wconf 89' lang='lat' dir='ltr'>certe,</span> <span class='ocrx_word' id='word_1_90' title='bbox 638 1343 912 1391; x_wconf 86' lang='lat' dir='ltr'>quanquam</span> <span class='ocrx_word' id='word_1_91' title='bbox 947 1326 1046 1373; x_wconf 85' lang='lat' dir='ltr'>haec</span> <span class='ocrx_word' id='word_1_92' title='bbox 1077 1326 1342 1373; x_wconf 84' lang='lat' dir='ltr'>indubitata</span> <span class='ocrx_word' id='word_1_93' title='bbox 1370 1328 1482 1387; x_wconf 89' lang='lat' dir='ltr'>sint,</span> <span class='ocrx_word' id='word_1_94' title='bbox 1517 1336 1672 1373; x_wconf 89' lang='lat' dir='ltr'>tamen</span> 
     </span>
     <span class='ocr_line' id='line_1_16' title="bbox 264 1404 1676 1467; baseline 0 -18"><span class='ocrx_word' id='word_1_95' title='bbox 264 1420 419 1465; x_wconf 87' lang='lat' dir='ltr'>casus,</span> <span class='ocrx_word' id='word_1_96' title='bbox 458 1406 539 1467; x_wconf 89' lang='lat' dir='ltr'>qui</span> <span class='ocrx_word' id='word_1_97' title='bbox 575 1422 663 1451; x_wconf 91' lang='lat' dir='ltr'>nos</span> <span class='ocrx_word' id='word_1_98' title='bbox 699 1405 951 1466; x_wconf 85' lang='lat' dir='ltr'>contingit,</span> <span class='ocrx_word' id='word_1_99' title='bbox 988 1405 1137 1450; x_wconf 89' lang='lat' dir='ltr'>multo</span> <span class='ocrx_word' id='word_1_100' title='bbox 1172 1405 1329 1450; x_wconf 90' lang='lat' dir='ltr'>minus</span> <span class='ocrx_word' id='word_1_101' title='bbox 1368 1404 1676 1450; x_wconf 88' lang='lat' dir='ltr'>dubitationis</span> 
     </span>
     <span class='ocr_line' id='line_1_17' title="bbox 262 1481 1676 1545; baseline -0.001 -19"><span class='ocrx_word' id='word_1_102' title='bbox 262 1481 424 1541; x_wconf 86' lang='lat' dir='ltr'>habet,</span> <span class='ocrx_word' id='word_1_103' title='bbox 456 1499 566 1527; x_wconf 88' lang='lat' dir='ltr'>curn</span> <span class='ocrx_word' id='word_1_104' title='bbox 593 1500 691 1528; x_wconf 90' lang='lat' dir='ltr'>non</span> <span class='ocrx_word' id='word_1_105' title='bbox 716 1483 963 1545; x_wconf 84' lang='lat' dir='ltr'>spontanei</span> <span class='ocrx_word' id='word_1_106' title='bbox 991 1492 1071 1528; x_wconf 89' lang='lat' dir='ltr'>aut</span> <span class='ocrx_word' id='word_1_107' title='bbox 1096 1481 1346 1527; x_wconf 83' lang='lat' dir='ltr'>voluntarii</span> <span class='ocrx_word' id='word_1_108' title='bbox 1372 1481 1676 1544; x_wconf 84' lang='lat' dir='ltr'>corporaliter</span> 
     </span>
     <span class='ocr_line' id='line_1_18' title="bbox 265 1558 1676 1620; baseline -0.001 -17"><span class='ocrx_word' id='word_1_109' title='bbox 265 1575 451 1620; x_wconf 88' lang='lat' dir='ltr'>gregem</span> <span class='ocrx_word' id='word_1_110' title='bbox 484 1568 528 1603; x_wconf 86' lang='lat' dir='ltr'>et</span> <span class='ocrx_word' id='word_1_111' title='bbox 553 1559 797 1604; x_wconf 89' lang='lat' dir='ltr'>ecclesiam</span> <span class='ocrx_word' id='word_1_112' title='bbox 822 1569 1032 1604; x_wconf 90' lang='lat' dir='ltr'>nostram</span> <span class='ocrx_word' id='word_1_113' title='bbox 1055 1558 1413 1617; x_wconf 78' lang='lat' dir='ltr'>deseruerimus,</span> <span class='ocrx_word' id='word_1_114' title='bbox 1442 1558 1521 1603; x_wconf 83' lang='lat' dir='ltr'>sed</span> <span class='ocrx_word' id='word_1_115' title='bbox 1546 1558 1676 1603; x_wconf 81' lang='lat' dir='ltr'>inviti</span> 
     </span>
     <span class='ocr_line' id='line_1_19' title="bbox 265 1634 1673 1698; baseline -0.001 -18"><span class='ocrx_word' id='word_1_116' title='bbox 265 1635 401 1681; x_wconf 85' lang='lat' dir='ltr'>valde</span> <span class='ocrx_word' id='word_1_117' title='bbox 434 1646 480 1680; x_wconf 92' lang='lat' dir='ltr'>et</span> <span class='ocrx_word' id='word_1_118' title='bbox 506 1636 674 1681; x_wconf 91' lang='lat' dir='ltr'>coacti.</span> <span class='ocrx_word' id='word_1_119' title='bbox 708 1638 826 1680; x_wconf 89' lang='lat' dir='ltr'>Cum</span> <span class='ocrx_word' id='word_1_120' title='bbox 857 1636 1007 1694; x_wconf 89' lang='lat' dir='ltr'>enim,</span> <span class='ocrx_word' id='word_1_121' title='bbox 1036 1636 1103 1680; x_wconf 88' lang='lat' dir='ltr'>uti</span> <span class='ocrx_word' id='word_1_122' title='bbox 1129 1651 1269 1698; x_wconf 88' lang='lat' dir='ltr'>supra</span> <span class='ocrx_word' id='word_1_123' title='bbox 1296 1634 1386 1680; x_wconf 88' lang='lat' dir='ltr'>late</span> <span class='ocrx_word' id='word_1_124' title='bbox 1415 1634 1673 1693; x_wconf 88' lang='lat' dir='ltr'>retulimus,</span> 
     </span>
     <span class='ocr_line' id='line_1_20' title="bbox 267 1711 1678 1773; baseline -0.001 -16"><span class='ocrx_word' id='word_1_125' title='bbox 267 1711 327 1757; x_wconf 84' lang='lat' dir='ltr'>ad</span> <span class='ocrx_word' id='word_1_126' title='bbox 352 1727 509 1772; x_wconf 85' lang='lat' dir='ltr'>regem</span> <span class='ocrx_word' id='word_1_127' title='bbox 541 1712 889 1757; x_wconf 78' lang='lat' dir='ltr'>revertissemus</span> <span class='ocrx_word' id='word_1_128' title='bbox 921 1712 979 1757; x_wconf 90' lang='lat' dir='ltr'>de</span> <span class='ocrx_word' id='word_1_129' title='bbox 1003 1712 1096 1757; x_wconf 85' lang='lat' dir='ltr'>suis</span> <span class='ocrx_word' id='word_1_130' title='bbox 1125 1711 1403 1773; x_wconf 85' lang='lat' dir='ltr'>plenissimis</span> <span class='ocrx_word' id='word_1_131' title='bbox 1426 1711 1678 1756; x_wconf 88' lang='lat' dir='ltr'>securitati-</span> 
     </span>
     <span class='ocr_line' id='line_1_21' title="bbox 266 1788 1677 1850; baseline -0.001 -16"><span class='ocrx_word' id='word_1_132' title='bbox 266 1789 355 1834; x_wconf 86' lang='lat' dir='ltr'>bus</span> <span class='ocrx_word' id='word_1_133' title='bbox 391 1788 584 1848; x_wconf 84' lang='lat' dir='ltr'>confisi,</span> <span class='ocrx_word' id='word_1_134' title='bbox 623 1805 721 1833; x_wconf 92' lang='lat' dir='ltr'>non</span> <span class='ocrx_word' id='word_1_135' title='bbox 754 1789 846 1833; x_wconf 90' lang='lat' dir='ltr'>alio</span> <span class='ocrx_word' id='word_1_136' title='bbox 880 1790 1039 1834; x_wconf 84' lang='lat' dir='ltr'>animo</span> <span class='ocrx_word' id='word_1_137' title='bbox 1068 1805 1221 1850; x_wconf 90' lang='lat' dir='ltr'>neque</span> <span class='ocrx_word' id='word_1_138' title='bbox 1252 1789 1512 1834; x_wconf 88' lang='lat' dir='ltr'>intentione</span> <span class='ocrx_word' id='word_1_139' title='bbox 1536 1804 1677 1850; x_wconf 87' lang='lat' dir='ltr'>quam</span> 
     </span>
     <span class='ocr_line' id='line_1_22' title="bbox 267 1865 1676 1930; baseline -0.001 -19"><span class='ocrx_word' id='word_1_140' title='bbox 267 1876 334 1926; x_wconf 89' lang='lat' dir='ltr'>ut,</span> <span class='ocrx_word' id='word_1_141' title='bbox 363 1866 668 1930; x_wconf 87' lang='lat' dir='ltr'>personaliter</span> <span class='ocrx_word' id='word_1_142' title='bbox 692 1866 741 1910; x_wconf 91' lang='lat' dir='ltr'>in</span> <span class='ocrx_word' id='word_1_143' title='bbox 768 1865 963 1910; x_wconf 87' lang='lat' dir='ltr'>ecclesia</span> <span class='ocrx_word' id='word_1_144' title='bbox 987 1874 1146 1910; x_wconf 87' lang='lat' dir='ltr'>nostra</span> <span class='ocrx_word' id='word_1_145' title='bbox 1174 1865 1471 1911; x_wconf 81' lang='lat' dir='ltr'>residentiam</span> <span class='ocrx_word' id='word_1_146' title='bbox 1495 1865 1676 1925; x_wconf 86' lang='lat' dir='ltr'>facturi,</span> 
     </span>
     <span class='ocr_line' id='line_1_23' title="bbox 270 1941 1679 2006; baseline -0.001 -18"><span class='ocrx_word' id='word_1_147' title='bbox 270 1943 501 2006; x_wconf 88' lang='lat' dir='ltr'>pastorale</span> <span class='ocrx_word' id='word_1_148' title='bbox 530 1951 797 2006; x_wconf 85' lang='lat' dir='ltr'>susceptum</span> <span class='ocrx_word' id='word_1_149' title='bbox 821 1941 1029 1987; x_wconf 85' lang='lat' dir='ltr'>officium</span> <span class='ocrx_word' id='word_1_150' title='bbox 1052 1958 1138 2005; x_wconf 90' lang='lat' dir='ltr'>pro</span> <span class='ocrx_word' id='word_1_151' title='bbox 1164 1943 1395 1987; x_wconf 90' lang='lat' dir='ltr'>concessis</span> <span class='ocrx_word' id='word_1_152' title='bbox 1424 1958 1451 1988; x_wconf 87' lang='lat' dir='ltr'>a</span> <span class='ocrx_word' id='word_1_153' title='bbox 1474 1943 1679 1988; x_wconf 89' lang='lat' dir='ltr'>Domino</span> 
     </span>
     <span class='ocr_line' id='line_1_24' title="bbox 271 2018 1681 2082; baseline 0 -19"><span class='ocrx_word' id='word_1_154' title='bbox 271 2019 446 2065; x_wconf 81' lang='lat' dir='ltr'>viribus</span> <span class='ocrx_word' id='word_1_155' title='bbox 472 2035 850 2081; x_wconf 79' lang='lat' dir='ltr'>exsequeremur,</span> <span class='ocrx_word' id='word_1_156' title='bbox 881 2018 1103 2065; x_wconf 81' lang='lat' dir='ltr'>violentia</span> <span class='ocrx_word' id='word_1_157' title='bbox 1128 2019 1317 2082; x_wconf 61' lang='lat' dir='ltr'>praecisa</span> <span class='ocrx_word' id='word_1_158' title='bbox 1341 2019 1572 2082; x_wconf 83' lang='lat' dir='ltr'>compulsi</span> <span class='ocrx_word' id='word_1_159' title='bbox 1597 2018 1681 2064; x_wconf 87' lang='lat' dir='ltr'>fui·</span> 
     </span>
     <span class='ocr_line' id='line_1_25' title="bbox 275 2095 1676 2158; baseline 0.001 -19"><span class='ocrx_word' id='word_1_160' title='bbox 275 2112 393 2155; x_wconf 91' lang='lat' dir='ltr'>mus,</span> <span class='ocrx_word' id='word_1_161' title='bbox 427 2095 604 2141; x_wconf 85' lang='lat' dir='ltr'>nedum</span> <span class='ocrx_word' id='word_1_162' title='bbox 634 2095 873 2141; x_wconf 85' lang='lat' dir='ltr'>dioecesim</span> <span class='ocrx_word' id='word_1_163' title='bbox 903 2104 983 2140; x_wconf 83' lang='lat' dir='ltr'>aut</span> <span class='ocrx_word' id='word_1_164' title='bbox 1018 2096 1311 2158; x_wconf 85' lang='lat' dir='ltr'>provinciam</span> <span class='ocrx_word' id='word_1_165' title='bbox 1346 2112 1443 2140; x_wconf 83' lang='lat' dir='ltr'>non</span> <span class='ocrx_word' id='word_1_166' title='bbox 1476 2096 1676 2155; x_wconf 84' lang='lat' dir='ltr'>intrare,</span> 
     </span>
     <span class='ocr_line' id='line_1_26' title="bbox 275 2172 1681 2219; baseline 0.001 -1"><span class='ocrx_word' id='word_1_167' title='bbox 275 2174 357 2219; x_wconf 77' lang='lat' dir='ltr'>sed</span> <span class='ocrx_word' id='word_1_168' title='bbox 381 2174 593 2219; x_wconf 79' lang='lat' dir='ltr'>exsilium</span> <span class='ocrx_word' id='word_1_169' title='bbox 616 2173 676 2219; x_wconf 92' lang='lat' dir='ltr'>ad</span> <span class='ocrx_word' id='word_1_170' title='bbox 698 2182 926 2218; x_wconf 83' lang='lat' dir='ltr'>trecentas</span> <span class='ocrx_word' id='word_1_171' title='bbox 950 2172 1105 2218; x_wconf 85' lang='lat' dir='ltr'>leucas</span> <span class='ocrx_word' id='word_1_172' title='bbox 1128 2183 1306 2219; x_wconf 87' lang='lat' dir='ltr'>remote</span> <span class='ocrx_word' id='word_1_173' title='bbox 1329 2183 1374 2219; x_wconf 89' lang='lat' dir='ltr'>et</span> <span class='ocrx_word' id='word_1_174' title='bbox 1392 2183 1518 2219; x_wconf 80' lang='lat' dir='ltr'>extra</span> <span class='ocrx_word' id='word_1_175' title='bbox 1540 2174 1681 2219; x_wconf 86' lang='lat' dir='ltr'>totius</span> 
     </span>
     <span class='ocr_line' id='line_1_27' title="bbox 274 2249 1679 2312; baseline 0.001 -18"><span class='ocrx_word' id='word_1_176' title='bbox 274 2250 402 2311; x_wconf 87' lang='lat' dir='ltr'>regni</span> <span class='ocrx_word' id='word_1_177' title='bbox 421 2250 588 2295; x_wconf 84' lang='lat' dir='ltr'>limites</span> <span class='ocrx_word' id='word_1_178' title='bbox 604 2249 761 2295; x_wconf 86' lang='lat' dir='ltr'>subire</span> <span class='ocrx_word' id='word_1_179' title='bbox 785 2260 828 2294; x_wconf 90' lang='lat' dir='ltr'>et</span> <span class='ocrx_word' id='word_1_180' title='bbox 846 2250 1060 2295; x_wconf 91' lang='lat' dir='ltr'>tolerare.</span> <span class='ocrx_word' id='word_1_181' title='bbox 1086 2253 1141 2294; x_wconf 80' lang='lat' dir='ltr'>Et</span> <span class='ocrx_word' id='word_1_182' title='bbox 1159 2251 1220 2295; x_wconf 90' lang='lat' dir='ltr'>ita</span> <span class='ocrx_word' id='word_1_183' title='bbox 1239 2251 1449 2312; x_wconf 89' lang='lat' dir='ltr'>profecto</span> <span class='ocrx_word' id='word_1_184' title='bbox 1470 2268 1566 2296; x_wconf 88' lang='lat' dir='ltr'>non</span> <span class='ocrx_word' id='word_1_185' title='bbox 1587 2262 1679 2298; x_wconf 80' lang='lat' dir='ltr'>tani</span> 
     </span>
     <span class='ocr_line' id='line_1_28' title="bbox 276 2326 1683 2388; baseline 0.001 -16"><span class='ocrx_word' id='word_1_186' title='bbox 276 2326 519 2372; x_wconf 87' lang='lat' dir='ltr'>ecclesiam</span> <span class='ocrx_word' id='word_1_187' title='bbox 542 2326 816 2387; x_wconf 86' lang='lat' dir='ltr'>reliquimus</span> <span class='ocrx_word' id='word_1_188' title='bbox 840 2326 911 2371; x_wconf 74' lang='lat' dir='ltr'>vel</span> <span class='ocrx_word' id='word_1_189' title='bbox 941 2326 1099 2371; x_wconf 88' lang='lat' dir='ltr'>sedem</span> <span class='ocrx_word' id='word_1_190' title='bbox 1123 2327 1420 2385; x_wconf 83' lang='lat' dir='ltr'>mutavimus,</span> <span class='ocrx_word' id='word_1_191' title='bbox 1452 2343 1595 2388; x_wconf 88' lang='lat' dir='ltr'>quam</span> <span class='ocrx_word' id='word_1_192' title='bbox 1617 2329 1683 2373; x_wconf 92' lang='lat' dir='ltr'>in-</span> 
     </span>
     <span class='ocr_line' id='line_1_29' title="bbox 279 2401 1682 2463; baseline 0.001 -17"><span class='ocrx_word' id='word_1_193' title='bbox 279 2402 358 2446; x_wconf 86' lang='lat' dir='ltr'>viti</span> <span class='ocrx_word' id='word_1_194' title='bbox 393 2410 437 2446; x_wconf 88' lang='lat' dir='ltr'>et</span> <span class='ocrx_word' id='word_1_195' title='bbox 469 2401 655 2463; x_wconf 63' lang='lat' dir='ltr'>praecise</span> <span class='ocrx_word' id='word_1_196' title='bbox 688 2401 835 2445; x_wconf 66' lang='lat' dir='ltr'>coacti</span> <span class='ocrx_word' id='word_1_197' title='bbox 867 2401 911 2444; x_wconf 71' lang='lat' dir='ltr'>vi</span> <span class='ocrx_word' id='word_1_198' title='bbox 946 2409 992 2445; x_wconf 89' lang='lat' dir='ltr'>et</span> <span class='ocrx_word' id='word_1_199' title='bbox 1020 2401 1230 2462; x_wconf 85' lang='lat' dir='ltr'>potentia</span> <span class='ocrx_word' id='word_1_200' title='bbox 1261 2401 1454 2462; x_wconf 86' lang='lat' dir='ltr'>majore,</span> <span class='ocrx_word' id='word_1_201' title='bbox 1489 2403 1564 2446; x_wconf 88' lang='lat' dir='ltr'>cui</span> <span class='ocrx_word' id='word_1_202' title='bbox 1596 2419 1682 2447; x_wconf 89' lang='lat' dir='ltr'>nec</span> 
     </span>
     <span class='ocr_line' id='line_1_30' title="bbox 281 2476 1683 2539; baseline 0.001 -17"><span class='ocrx_word' id='word_1_203' title='bbox 281 2479 486 2524; x_wconf 87' lang='lat' dir='ltr'>resistere</span> <span class='ocrx_word' id='word_1_204' title='bbox 510 2493 596 2521; x_wconf 86' lang='lat' dir='ltr'>nec</span> <span class='ocrx_word' id='word_1_205' title='bbox 616 2477 830 2522; x_wconf 86' lang='lat' dir='ltr'>reluctari</span> <span class='ocrx_word' id='word_1_206' title='bbox 854 2476 950 2520; x_wconf 90' lang='lat' dir='ltr'>ullo</span> <span class='ocrx_word' id='word_1_207' title='bbox 976 2486 1112 2539; x_wconf 88' lang='lat' dir='ltr'>pacto</span> <span class='ocrx_word' id='word_1_208' title='bbox 1140 2487 1424 2539; x_wconf 83' lang='lat' dir='ltr'>poteramus,</span> <span class='ocrx_word' id='word_1_209' title='bbox 1452 2480 1617 2524; x_wconf 87' lang='lat' dir='ltr'>mutati</span> <span class='ocrx_word' id='word_1_210' title='bbox 1639 2489 1683 2525; x_wconf 90' lang='lat' dir='ltr'>et</span> 
     </span>
     <span class='ocr_line' id='line_1_31' title="bbox 277 2551 1681 2616; baseline 0 -18"><span class='ocrx_word' id='word_1_211' title='bbox 277 2554 410 2614; x_wconf 66' lang='lat' dir='ltr'>eiecti</span> <span class='ocrx_word' id='word_1_212' title='bbox 432 2562 571 2614; x_wconf 90' lang='lat' dir='ltr'>atque</span> <span class='ocrx_word' id='word_1_213' title='bbox 604 2552 649 2596; x_wconf 90' lang='grc'>111</span> <span class='ocrx_word' id='word_1_214' title='bbox 680 2552 891 2596; x_wconf 75' lang='lat' dir='ltr'>exsilium</span> <span class='ocrx_word' id='word_1_215' title='bbox 917 2551 1087 2596; x_wconf 85' lang='lat' dir='ltr'>detrusi</span> <span class='ocrx_word' id='word_1_216' title='bbox 1122 2553 1306 2597; x_wconf 77' lang='lat' dir='ltr'>suimus.</span> <span class='ocrx_word' id='word_1_217' title='bbox 1338 2557 1533 2616; x_wconf 87' lang='lat' dir='ltr'>Propter</span> <span class='ocrx_word' id='word_1_218' title='bbox 1553 2554 1681 2616; x_wconf 87' lang='lat' dir='ltr'>quod</span> 
     </span>
     <span class='ocr_line' id='line_1_32' title="bbox 283 2628 1683 2694; baseline 0.001 -20"><span class='ocrx_word' id='word_1_219' title='bbox 283 2646 379 2674; x_wconf 88' lang='lat' dir='ltr'>non</span> <span class='ocrx_word' id='word_1_220' title='bbox 411 2644 719 2691; x_wconf 83' lang='lat' dir='ltr'>magnopere,</span> <span class='ocrx_word' id='word_1_221' title='bbox 738 2628 895 2690; x_wconf 87' lang='lat' dir='ltr'>quoad</span> <span class='ocrx_word' id='word_1_222' title='bbox 917 2644 1075 2673; x_wconf 85' lang='lat' dir='ltr'>casum</span> <span class='ocrx_word' id='word_1_223' title='bbox 1094 2630 1255 2675; x_wconf 84' lang='lat' dir='ltr'>attinet</span> <span class='ocrx_word' id='word_1_224' title='bbox 1276 2640 1505 2690; x_wconf 86' lang='lat' dir='ltr'>nostrum,</span> <span class='ocrx_word' id='word_1_225' title='bbox 1526 2632 1683 2694; x_wconf 90' lang='lat' dir='ltr'>dispu-</span> 
     </span>
     <span class='ocr_line' id='line_1_33' title="bbox 283 2704 1686 2770; baseline 0.001 -18"><span class='ocrx_word' id='word_1_226' title='bbox 283 2719 378 2752; x_wconf 85' lang='lat' dir='ltr'>tare</span> <span class='ocrx_word' id='word_1_227' title='bbox 403 2716 479 2751; x_wconf 90' lang='lat' dir='ltr'>aut</span> <span class='ocrx_word' id='word_1_228' title='bbox 499 2704 749 2750; x_wconf 72' lang='lat' dir='ltr'>defendere</span> <span class='ocrx_word' id='word_1_229' title='bbox 772 2705 1020 2763; x_wconf 59' lang='grc'><strong>1131)(3111115,</strong></span> <span class='ocrx_word' id='word_1_230' title='bbox 1045 2707 1079 2751; x_wconf 82' lang='grc'>51</span> <span class='ocrx_word' id='word_1_231' title='bbox 1102 2705 1235 2753; x_wconf 84' lang='lat' dir='ltr'>liceat</span> <span class='ocrx_word' id='word_1_232' title='bbox 1255 2708 1477 2770; x_wconf 86' lang='lat' dir='ltr'>episcopo</span> <span class='ocrx_word' id='word_1_233' title='bbox 1495 2718 1686 2770; x_wconf 88' lang='lat' dir='ltr'>propter</span> 
     </span>
    </p>
   </div>
  </div>
 </body>
</html>
