1875 2956
241 251 316 285 374
809 250 1077 292 APOLOG1A‚

240 338 369 399 regio
391 336 681 401 procuratori
700 335 771 379 vcl
792 334 1041 394 advocato,
1062 335 1133 379 vel
1158 335 1217 380 ab
1241 336 1349 398 ipsis
1368 336 1639 396 substitutiS,

240 413 321 459 sed
346 424 391 459 et
413 412 603 459 cuilibet
641 410 932 457 advocatello
978 427 1032 456 ea
1069 411 1256 457 licentia
1293 413 1480 474 quaesita
1509 423 1576 459 est
1599 423 1643 458 et

238 491 464 553 permissa
501 499 572 548 ut,
599 505 685 553 pro
724 504 1023 551 quacumque
1050 488 1123 533 vel
1147 489 1343 534 minima
1373 492 1643 553 apparentia

238 585 319 614 seu
353 568 598 630 phantasia
615 605 626 627 ,
654 566 901 629 cujuslibet
924 567 1099 630 pra‘lati
1121 567 1478 613 ecclesiasticam
1506 569 1642 630 juris-

239 645 493 689 dictionem
542 645 589 690 in
629 643 838 706 qualibet
869 659 1008 688 causa
1052 643 1354 702 calumniari,
1397 643 1644 691 deturbare

238 731 377 782 atque
424 737 651 767 evacuare
695 721 857 785 possit.
899 723 952 765 Et
987 736 1095 765 cum
1139 721 1187 765 in
1225 719 1446 765 omnibus
1482 720 1644 783 hujus-

239 794 425 840 cemodi
467 795 667 857 querelis
704 805 882 858 partem
915 793 1123 841 habeant
1160 793 1427 852 formalem,
1467 793 1646 855 judices

237 871 470 933 primum,
508 870 679 917 deinde
720 871 976 917 advocatos
1021 881 1066 916 et
1113 879 1438 934 procuratores
1475 871 1642 933 regios,

238 958 546 1010 czcteramque
577 949 823 993 curialium
856 947 1065 993 turbam¹
1100 963 1248 1009 usque
1271 947 1331 993 ad
1356 964 1528 1004 unum,
1557 947 1647 994 hac

238 1026 506 1071 infelicitate
554 1025 872 1089 percelluntur
913 1025 1044 1088 quod
1084 1024 1275 1071 eosdem
1299 1061 1310 1083 ,
1349 1024 1429 1086 qui
1464 1025 1529 1069 eis
1569 1025 1645 1070 in-

238 1102 466 1149 festissimi
496 1102 747 1149 adversarii
786 1103 1032 1162 exsistunt,
1069 1102 1165 1165 pati
1195 1101 1391 1164 judices,
1418 1111 1464 1147 et
1485 1118 1645 1148 coram

237 1180 326 1235 eis,
370 1181 476 1226 licet
523 1180 873 1239 inimicissimis,
915 1180 1120 1241 litigare,
1162 1195 1421 1241 eorumque
1462 1195 1646 1225 necesse

238 1256 467 1314 habeant,
510 1257 655 1302 velint
695 1257 869 1312 nolint,
915 1266 1180 1320 exspectare
1220 1255 1466 1317 judicium.
1505 1255 1645 1312 Quod

239 1335 303 1378 eis
335 1334 658 1380 infelicissimae
683 1335 858 1398 species
883 1343 951 1379 est
977 1334 1197 1395 angustiae
1220 1342 1265 1378 et
1287 1332 1576 1378 calamitatis.

302 1413 454 1474 Atqui,
477 1412 513 1457 si
537 1411 811 1474 hujusmodi
834 1411 1004 1473 egregii
1023 1410 1221 1473 judiceS,
1243 1410 1323 1473 qui
1347 1411 1646 1456 communius

240 1486 395 1532 officia
421 1488 695 1548 judicaturae
724 1488 783 1533 ad
807 1489 1077 1533 auctionem
1101 1486 1189 1532 sul)
1217 1487 1386 1532 annuis
1409 1487 1646 1549 pensioni-

240 1562 328 1609 bus
355 1575 682 1626 assequuntur,
710 1565 779 1610 vel
806 1565 1050 1610 minimam
1071 1564 1368 1609 occasionem
1392 1580 1473 1609 seu
1494 1563 1645 1627 phan-

240 1642 404 1687 tasiam
424 1651 590 1688 contra
614 1642 858 1687 ecclesiam
882 1641 1058 1687 habere
1084 1641 1280 1704 possint,
1309 1641 1464 1686 statim
1482 1651 1644 1687 contra

240 1735 343 1764 eam
380 1718 624 1780 judicare,
677 1734 950 1781 quanquam
989 1718 1298 1779 iniquissime,
1348 1734 1444 1762 non
1484 1734 1646 1762 veren-

240 1805 329 1839 tur.
378 1794 466 1840 Ubi
500 1812 612 1840 vero
650 1795 828 1840 nullam
872 1795 1014 1840 talem
1046 1794 1367 1856 apparentiam
1394 1793 1467 1838 vel
1509 1795 1645 1839 mini—

242 1888 367 1917 mam
423 1872 694 1918 adinvenire
734 1871 973 1934 potuerint
997 1907 1007 1930 ,
1056 1870 1137 1916 sed
1188 1869 1430 1915 manifeste
1475 1887 1645 1932 agnos-

241 1958 349 1994 cant
372 1959 537 1995 contra
563 1948 807 1994 ecclesiam
830 1948 1108 1994 sententiam
1140 1947 1332 1992 minime
1356 1946 1461 1992 ferri
1489 1964 1643 2011 posse,

243 2039 486 2085 nunquam
512 2039 598 2085 pro
637 2039 691 2068 ea
728 2021 1041 2084 judicabunt,
1081 2021 1163 2067 sed
1201 2038 1310 2067 cum
1345 2020 1647 2067 dilationibus

241 2096 338 2142 sine
380 2097 471 2143 fine
505 2098 664 2159 aliquo
695 2112 884 2143 causam
923 2096 1126 2142 retinent
1147 2095 1418 2142 indecisam.
1451 2099 1506 2140 Et
1536 2112 1644 2141 cum

242 2189 328 2235 pro
359 2175 563 2220 maxima
603 2173 880 2219 solidissima
917 2183 1107 2219 teneant
1133 2192 1155 2215 α
1185 2188 1342 2234 regem
1368 2191 1390 2215 »
1414 2189 1555 2234 quem
1595 2173 1641 2217 in

242 2249 464 2296 omnibus
490 2250 660 2297 talibus
684 2250 833 2296 causis
856 2250 1059 2296 ecclesiae
1082 2248 1358 2310 confingunt
1378 2249 1639 2307 inimicum,

247 2347 267 2370 «
304 2343 548 2389 nunquam
585 2328 671 2372 nisi
703 2343 1019 2390 possessorem
1044 2326 1223 2387 litigare
1255 2324 1427 2371 debere
1447 2327 1482 2385 ²²,
1518 2343 1646 2389 »per

296 2469 330 2504 1.
361 2467 457 2504 C’est
478 2479 520 2503 cc
539 2469 655 2516 qu'on
674 2466 838 2517 appelait
856 2468 892 2503 la
910 2466 1022 2501 colace
1040 2478 1085 2502 cn
1107 2464 1350 2501 Normandie.

295 2535 333 2571 ⁰2.
365 2531 639 2577 Uest-satire,
665 2545 739 2581 qne
760 2532 793 2568 le
817 2531 872 2567 roi
892 2543 941 2568 ne
960 2529 1037 2566 doit
1059 2529 1203 2580 plaider
1220 2542 1295 2579 que
1319 2529 1422 2566 nanti
1449 2529 1495 2566 ‹lc
1518 2529 1645 2577 l’objet

243 2611 307 2633 sur
327 2597 449 2646 lequel
471 2605 578 2647 porte
601 2597 634 2633 le
662 2597 795 2647 proces
826 2599 887 2641 (on
918 2595 1026 2631 ‹lisait
1051 2595 1340 2631 anciennement
1365 2610 1371 2629 z
1398 2613 1412 2626 a
1436 2598 1487 2632 Le
1514 2595 1569 2631 roi
1597 2608 1645 2631 ne

243 2661 388 2712 plaido,
411 2661 518 2698 sinon
541 2661 573 2697 la
600 2661 699 2698 main
720 2661 887 2712 garnie).
917 2676 932 2691 »
951 2663 1007 2697 De
1025 2659 1059 2696 la
1084 2660 1119 2696 la
1137 2660 1333 2697 mainmise
1359 2674 1423 2696 stu·
1450 2668 1530 2697 tout
1556 2659 1641 2697 bien

243 2720 405 2776 ‹rtssglise
427 2727 513 2763 dont
538 2727 591 2763 les
609 2727 718 2776 juges
737 2726 880 2775 la'iques
903 2726 1150 2762 contestaient
1172 2725 1205 2762 la
1229 2726 1395 2777 legitime
1414 2726 1639 2775 possession.
