1875 2956
227 256 301 291 5364
785 257 1027 293 APOLOGIA
1048 287 1056 301 ‚

225 359 386 389 carum
410 344 716 390 collationum
740 359 886 389 onera
914 344 1035 390 ultra
1065 345 1263 409 duplum
1292 349 1412 395 illius
1443 351 1627 413 quanti-

226 421 354 480 tatis,
383 437 523 483 quam
550 419 609 465 ab
630 420 694 465 eis
714 419 962 483 exigebant
984 422 1185 483 Anglici,
1208 423 1498 472 adauxerint.

289 501 402 554 Quae
437 498 707 561 gravamina
744 507 883 561 atque
912 514 1084 559 onera,
1120 500 1227 545 licet
1252 517 1349 546 non
1381 519 1523 565 parva
1559 505 1628 551 fo-

227 585 326 619 rent
352 591 503 637 neque
527 575 587 621 ad
610 574 856 620 ferendum
884 574 1034 621 facilia
1056 576 1129 621 his
1151 577 1231 638 qui
1264 578 1463 641 priscam
1495 581 1630 628 liber-

226 661 366 696 tatem
398 667 471 712 se,
505 652 660 714 ejectis
688 652 915 715 AngliciS,
954 664 1289 700 consecuturos
1313 669 1624 719 speraverant,

226 728 488 791 quibusque
526 730 587 775 ita
625 730 803 776 dictum
844 731 1224 794 promissumque
1278 732 1451 792 suerat,
1503 735 1630 783 mitia

226 816 382 851 tamen
409 806 534 852 fuere
554 808 759 870 primum
784 818 828 853 et
852 808 1208 870 quodammodo
1229 809 1289 856 ad
1308 811 1632 859 sustinendum

226 882 343 927 levia
379 899 543 928 eorum
573 886 955 947 comparatione,
984 900 1087 947 quae
1118 885 1258 931 etiam
1300 903 1441 951 supra
1477 888 1634 951 hujus·

226 959 356 1004 modi
391 959 513 1006 mala
546 960 802 1006 modernus
841 978 917 1030 rex⁷
952 962 1218 1008 Ludovicus
1251 964 1299 1008 in
1334 980 1531 1027 regnum
1562 966 1633 1011 in-

226 1037 363 1082 vexit.
397 1040 513 1083 Nam
551 1048 595 1083 et
628 1038 896 1100 vectigalia,
931 1054 1072 1102 supra
1095 1055 1238 1100 quam
1271 1057 1381 1086 suus
1413 1042 1635 1103 exegisset

226 1114 425 1175 genitor,
453 1124 498 1160 et
526 1115 744 1161 collectas
779 1132 861 1161 seu
885 1116 1031 1162 tallias
1053 1133 1202 1180 prope
1225 1117 1285 1163 ad
1310 1118 1629 1180 medietatem,

226 1192 322 1237 imo
358 1201 404 1236 et
435 1191 493 1237 ad
533 1191 731 1255 duplum
764 1202 807 1237 et
840 1193 1032 1256 triplum
1066 1210 1212 1256 usque
1247 1204 1291 1239 et
1329 1195 1528 1258 amplius
1556 1213 1634 1241 cu-

227 1268 437 1329 mulavit,
462 1279 507 1314 et
525 1270 653 1315 omni
669 1270 902 1315 servitutis
920 1270 1072 1333 specie
1095 1272 1226 1332 regni
1246 1272 1439 1317 miseros
1453 1273 1634 1319 accolas

226 1348 506 1408 aggravavit.

292 1423 473 1479 Quibus
485 1424 680 1485 aliisque
697 1424 956 1469 innumeris
970 1424 1120 1482 malis,
1140 1441 1266 1485 cum,
1285 1436 1335 1471 ut
1359 1442 1500 1490 supra
1520 1436 1635 1472 retu-

226 1499 386 1559 limus,
417 1517 633 1562 proceres
662 1502 810 1563 regni,
852 1517 960 1546 cum
992 1502 1134 1546 unico
1157 1501 1366 1563 ejusdem
1396 1503 1513 1565 regis
1538 1520 1636 1565 ger-

228 1592 369 1621 mano
387 1576 586 1635 collecti,
613 1577 791 1622 mederi
816 1594 863 1622 se
889 1578 1006 1622 velle
1036 1579 1362 1641 promitterent
1386 1589 1431 1624 et
1452 1596 1637 1642 compc-

228 1652 432 1697 tentibus
444 1653 677 1713 remediis,
695 1670 753 1698 ne
777 1654 976 1717 amplius
994 1654 1346 1715 invalescerent,
1366 1656 1630 1719 providere,

227 1729 404 1776 obortis
449 1732 603 1776 statim
644 1732 764 1776 inter
800 1733 990 1776 eosdem
1025 1732 1337 1778 simultatibus
1372 1743 1415 1778 et
1462 1733 1637 1778 dissen-

226 1807 452 1867 sionibus,
484 1817 680 1854 conatus
701 1823 863 1853 eorum
890 1808 937 1852 in
964 1809 1144 1853 irritum
1165 1819 1427 1869 cesserunt,
1466 1818 1509 1854 et
1543 1826 1637 1855 me-

227 1885 342 1930 delis
363 1885 466 1945 illis,
488 1885 658 1949 quibus
674 1902 761 1949 pro
780 1886 1084 1932 instauranda
1100 1902 1148 1931 re
1165 1886 1354 1950 publica
1374 1896 1419 1931 et
1436 1902 1490 1932 ea
1512 1887 1637 1932 salva

231 1962 443 2009 facienda
469 1963 683 2009 laborare
707 1980 754 2008 se
778 1963 1017 2023 dixerant,
1043 1973 1087 2008 et
1111 1963 1170 2009 ad
1194 1963 1323 2026 quod
1350 1963 1636 2027 sperandum

230 2041 441 2085 omnium
488 2041 765 2086 miserorum
802 2050 940 2102 atque
978 2040 1233 2085 infelicium
1279 2040 1637 2103 provincialium

229 2118 413 2162 animos
435 2127 770 2179 provexerant,
807 2117 928 2180 proli
953 2116 1090 2162 dolor
1113 2115 1122 2162 l
1153 2116 1352 2162 frustrati
1379 2126 1424 2162 et
1456 2115 1637 2162 vacuati

229 2205 352 2239 sunt.

296 2273 388 2315 Nos
431 2287 557 2332 vem,
595 2272 675 2334 qui
710 2288 871 2318 amore
904 2273 1090 2334 justitiae
1124 2281 1169 2317 et
1210 2270 1468 2333 tyrannidis
1504 2270 1633 2330 odio,

231 2364 373 2409 quam
414 2364 597 2411 semper
633 2365 918 2410 omnemque
952 2348 1223 2410 injustitiam
1261 2357 1305 2391 et
1345 2346 1637 2408 iniquitatem

232 2442 413 2471 summe
446 2426 667 2471 exsecrati
698 2436 739 2470 et
769 2426 1025 2471 abominati
1060 2442 1244 2484 sumus,
1273 2440 1359 2488 pro
1394 2434 1552 2470 nostra
1577 2425 1640 2470 vi-

233 2503 302 2547 rili
343 2502 415 2547 bis
462 2503 540 2563 qui
581 2502 764 2563 justitia¹
806 2502 1027 2548 zelatores
1070 2501 1409 2565 rempublicam
1448 2517 1639 2563 prorsus

233 2581 505 2625 exstinctam
528 2589 570 2624 et
592 2580 687 2641 jam
710 2580 892 2643 penitus
912 2580 1086 2625 nullam
1108 2580 1363 2624 instaurare
1387 2596 1440 2625 ac
1463 2579 1636 2625 salvam

237 2656 402 2715 facere,
449 2666 587 2719 atque
625 2655 685 2702 ab
726 2656 1109 2720 oppressionibus
1151 2656 1402 2718 tyrannicis
1442 2654 1638 2719 patriam

236 2732 432 2779 liberare
458 2724 572 2778 xelle
605 2733 899 2792 videbantur,
938 2750 1043 2778 cum
1080 2733 1337 2778 innumeris
1368 2732 1477 2777 viris
1504 2731 1642 2776 bonis
