1875 2956
642 169 783 203 LIBER
812 168 1057 204 SEPTIMUS.
1479 171 1546 205 141

162 255 235 300 vid
265 255 391 316 (erat
431 256 557 301 enim
583 256 731 301 David
760 271 932 299 nomen
966 254 1130 317 ipsius)
1166 262 1318 315 partes
1345 253 1548 311 habere,

160 331 231 375 vel
252 331 508 392 quidquam
536 330 594 376 de
617 347 672 375 eo
702 330 878 376 audire.
902 331 1168 391 Fuissetque
1195 328 1269 373 ille
1290 330 1361 373 vir
1376 328 1549 386 bonus,

159 407 238 468 qui
269 407 516 452 consilium
545 407 603 453 dc
627 424 683 452 eo
718 407 999 452 accersendo
1030 406 1328 461 acclamarat,
1357 421 1384 450 a
1418 404 1555 450 turba

158 480 356 526 laniatus
391 492 436 527 et
469 498 744 545 oppressus,
784 482 870 527 nisi
908 491 1087 526 mature
1122 497 1168 525 se
1200 479 1494 526 absentando
1528 497 1555 526 a

160 556 295 602 turba
326 574 409 620 per
436 559 667 603 occultam
695 557 848 617 sugam
869 556 991 602 elabi
1014 557 1254 619 potuisset.

223 633 373 678 Altero
402 644 556 679 autem
580 632 729 694 quod,
752 649 860 678 cum
891 632 1094 689 idolum,
1128 631 1257 693 quod
1280 631 1367 678 sibi
1390 632 1556 678 adver-

158 724 261 752 sum
280 709 497 754 eumdem
520 707 791 771 pontificem
811 709 1083 753 invexerant
1101 717 1240 769 atque
1264 711 1551 766 erexerant¹,

158 784 217 829 ad
249 801 329 830 eos
356 786 551 830 misisset
580 785 845 848 pacandos,
873 785 1064 846 singulis
1092 784 1323 830 artificum
1351 785 1556 847 collegiis

158 861 217 906 ad
238 861 498 907 bibendum
519 878 665 906 unum
689 861 869 906 dolium
896 862 1097 907 cervisiae
1120 879 1167 907 se
1199 863 1433 924 pollicitus
1463 863 1555 909 da-

158 945 337 997 turum,
360 939 572 1000 protinus
598 938 645 982 in
666 954 770 983 eam
791 938 1029 984 stultitiam
1051 939 1218 1001 relapsi
1240 949 1347 984 sunt
1372 949 1423 984 ut
1448 956 1556 985 eum

157 1012 216 1057 ad
240 1013 436 1059 domum
465 1014 534 1059 sui
565 1015 832 1060 consulatus
855 1015 1080 1074 accirent,
1108 1014 1289 1078 sibique
1314 1026 1555 1079 portarum

157 1088 352 1135 civitatis
371 1125 381 1147 ,
411 1106 526 1151 quas
550 1090 749 1136 tulerant
772 1106 799 1136 a
821 1091 913 1136 suis
934 1093 1167 1153 tyrannis,
1191 1092 1343 1137 claves
1361 1094 1558 1154 resigna-

157 1176 275 1223 rent,
307 1179 445 1228 atque
468 1167 700 1213 fidelitatis
723 1178 1013 1214 sacramenta
1036 1168 1157 1213 ultro
1186 1168 1228 1214 ei
1259 1179 1552 1231 praestarent3

156 1244 236 1304 qui
276 1248 419 1290 aetatis
461 1246 642 1290 circiter
676 1262 909 1291 annorum
946 1262 1085 1303 xv111,
1124 1261 1210 1291 nec
1249 1244 1435 1306 litteris,
1472 1263 1556 1292 nec

156 1321 354 1367 naturali
384 1321 632 1384 prudentia
663 1322 735 1367 vel
772 1321 984 1367 moribus
1011 1323 1115 1368 ullis
1143 1321 1353 1385 probatis
1383 1323 1557 1368 emine-

155 1396 251 1441 bat.
280 1400 386 1452 Quo
411 1397 549 1455 facto,
578 1413 686 1442 cum
713 1398 798 1459 ipsi
822 1407 948 1443 certo
976 1413 1175 1442 numero
1198 1396 1435 1443 doliorum
1455 1414 1554 1444 cer-

155 1473 298 1529 visiae,
339 1489 441 1534 quae
470 1473 535 1517 eis
565 1474 793 1535 promissa
820 1473 990 1531 fuerat,
1024 1490 1133 1519 suos
1160 1483 1345 1520 ventres
1367 1475 1555 1538 imples-

154 1557 253 1593 sent
276 1549 403 1611 (quae
422 1558 578 1594 tamen
599 1550 686 1612 ipsi
709 1550 944 1596 exsolvere
963 1559 1124 1612 postea
1145 1551 1375 1614 compulsi
1396 1552 1522 1611 sunt)
1540 1589 1550 1611 ,

154 1623 214 1670 ab
238 1625 439 1670 invicem
463 1624 777 1682 discedentes,
803 1626 850 1670 in
888 1625 1058 1672 domos
1088 1642 1193 1672 suas
1224 1627 1393 1687 singuli
1425 1624 1553 1674 abie-

154 1711 278 1746 runt.

219 1777 383 1822 Statim
406 1793 517 1822 vero
542 1777 703 1822 solutis
726 1794 751 1822 e
777 1794 983 1835 carcere,
1005 1795 1124 1841 quos
1142 1779 1228 1841 ipsi
1249 1780 1549 1840 incluserant,

156 1862 200 1898 et
231 1870 339 1898 suos
372 1854 665 1914 magistratus
699 1854 839 1899 etiam
877 1871 984 1899 cum
1020 1855 1248 1918 ampliore
1279 1857 1554 1904 auctoritate

155 1930 562 1993 recuperantibus,
590 1930 749 1993 paucis
771 1931 950 1977 effluxis
967 1931 1133 1978 diebus
1148 1969 1159 1991 ,
1188 1950 1282 1978 uno
1303 1950 1357 1978 ex
1379 1934 1452 1980 his
1474 1936 1555 1998 qui

154 2005 426 2068 colligendae
451 2016 495 2051 et
519 2007 820 2069 aggreganda*
843 2007 1035 2071 plebeiae
1058 2009 1368 2055 multitudinis
1391 2021 1555 2056 auctor

153 2083 406 2138 exstiterat,
436 2084 737 2146 tyrannisque
755 2086 768 2107 ‘³
805 2085 1062 2147 suspectior
1090 2084 1371 2144 habebatur,
1403 2089 1554 2150 capite

154 2157 290 2220 plexo
324 2158 435 2219 (sub
472 2169 695 2222 praetextu
734 2170 889 2205 tamen
931 2161 1130 2206 aliorum
1165 2163 1417 2208 criminum
1450 2180 1552 2226 quae

155 2251 274 2280 unus
308 2245 592 2299 perpetrasse
631 2232 914 2298 ferebatur),
952 2238 1029 2283 alii
1064 2255 1233 2284 novem
1267 2239 1430 2286 hanno
1465 2259 1552 2304 pu-

154 2309 278 2357 blico
306 2314 552 2376 proscripti
579 2324 701 2359 sunt.

218 2390 316 2433 Hoc
354 2388 545 2450 quidem
585 2406 735 2434 unum
771 2390 818 2434 in
862 2399 930 2435 tot
967 2407 1132 2438 eorum
1172 2393 1303 2438 malis
1337 2393 1547 2450 bonum,

211 2559 246 2593 1.
280 2558 467 2608 Engilbert
487 2560 532 2595 ‹le
551 2561 694 2597 Cli-ves.

211 2619 247 2654 ⁴2.
281 2619 403 2654 Plutot
421 2629 585 2656 ant-tores
604 2623 842 2665 exstiterant,
865 2632 892 2668 ty
905 2628 1031 2658 ramzis
1051 2628 1127 2672 qui.
