1875 2956
241 268 315 303 37ss
805 267 1049 302 APOLOGIA
1067 295 1075 309 ,

236 367 281 403 et
316 358 427 403 item
471 374 606 402 suuni
645 365 988 402 antecessorem
1029 354 1086 399 de
1121 355 1404 416 Malatestis¹‚
1447 358 1636 417 Italum,

235 435 445 498 aliosque
467 433 769 496 quamplures
791 432 1005 495 praelatos
1029 431 1237 493 ejusdem
1261 434 1510 495 provincia*
1537 452 1642 481 suas

235 512 451 557 ecclesias
490 510 728 572 reliquisse
769 519 846 568 et,
886 509 1086 571 quaesilis
1119 509 1385 572 quibusque
1423 514 1641 557 occasio-

235 588 401 646 nibus,
437 587 548 633 alibi
574 597 702 632 extra
739 586 1035 649 provinciam
1067 602 1172 631 suas
1200 586 1473 632 residentias
1494 588 1539 632 in
1569 605 1640 634 re-

234 666 373 711 motis
403 666 592 727 elegisse
623 683 631 710 :
673 663 1079 726 quemadmodum
1118 673 1210 708 tres
1245 664 1373 727 prius
1413 665 1642 711 nominati

236 743 488 799 Basileam‚
529 743 644 788 dum
683 741 748 787 ibi
783 742 1038 787 concilium
1062 741 1276 803 generale
1317 740 1542 786 celebrari
1574 742 1642 787 in-

233 820 471 877 choasset,
509 836 556 864 se
581 819 908 876 contulerunt,
944 835 1031 864 nec
1058 818 1117 864 ad
1147 834 1253 864 suas
1283 818 1500 864 ecclesias
1524 829 1646 882 post-

234 893 431 938 modum
457 894 644 952 reversi⁷
671 892 787 939 inibi
812 902 892 938 aut
915 892 1239 954 adjacentibus
1265 893 1397 938 terris
1421 892 1520 938 dies
1536 910 1646 939 suos

234 971 474 1016 finierunt.

296 1045 423 1092 Adde
467 1044 597 1107 quod
651 1046 698 1090 in
753 1045 863 1108 ipsis
904 1061 1019 1108 quas
1062 1044 1234 1109 patrias
1281 1043 1643 1090 consuetudines

232 1124 309 1170 illa
344 1122 585 1187 popularis
620 1121 866 1168 advocatio
898 1121 1057 1186 patriar,
1096 1119 1323 1185 appellat,
1363 1120 1643 1184 quamplura

232 1211 340 1246 sunt
364 1200 436 1246 vel
470 1216 555 1263 per
589 1215 797 1244 errorem
823 1199 1113 1260 introducta,
1142 1198 1216 1244 vel
1249 1197 1362 1244 dolo
1396 1207 1441 1242 et
1473 1197 1645 1243 callidi-

232 1286 323 1321 late
350 1277 561 1339 ipsorum
590 1274 930 1321 advocatorum
954 1276 1209 1321 adinventa
1244 1290 1324 1319 seu
1355 1272 1647 1319 confictaad

231 1362 432 1415 quaestus
463 1368 572 1398 suos
606 1350 849 1398 uberiores
880 1351 1134 1398 faciendos.
1169 1354 1282 1408 Quae
1306 1350 1470 1415 procul
1498 1349 1645 1395 dubio

232 1430 393 1491 iniqua
427 1438 472 1474 et
506 1429 676 1491 injusta
707 1439 846 1492 atque
873 1430 958 1475 toti
982 1429 1236 1493 provinciae
1255 1427 1646 1491 perniciosissima

232 1506 485 1563 exsistunt3
525 1506 606 1552 sed
640 1507 867 1568 quoniam
890 1507 962 1552 vel
984 1507 1044 1553 ad
1080 1506 1259 1552 facilius
1288 1504 1579 1550 inchoandas
1603 1512 1647 1549 et

234 1583 582 1645 promovendas
616 1582 734 1641 lites,
775 1583 844 1627 vel
883 1583 943 1628 ad
980 1584 1102 1645 ipsas
1132 1583 1278 1627 serius
1305 1581 1376 1627 vel
1402 1596 1645 1641 nunquam

234 1659 546 1718 dirimendas,
580 1675 661 1704 seu
687 1659 799 1705 alias
821 1659 1006 1704 lucrosa
1030 1660 1139 1721 ipsis
1165 1658 1404 1704 advocatis
1423 1666 1467 1702 et
1488 1657 1647 1719 patriis

230 1735 467 1798 judicibus
499 1734 776 1794 redduntur,
814 1752 870 1781 ea
906 1736 1085 1780 cunctis
1114 1735 1283 1779 divinis
1319 1733 1391 1779 vel
1428 1733 1648 1778 humanis

236 1814 455 1860 institutis
479 1813 694 1877 praeferre
724 1812 958 1875 bonisque
991 1822 1037 1856 et
1066 1811 1277 1874 probatis
1300 1808 1648 1855 consuetudini-

237 1890 324 1935 bus
354 1890 729 1953 quibuscumque
766 1889 1007 1935 sollicitius
1035 1899 1174 1951 atque
1203 1887 1461 1935 animosius
1492 1886 1648 1932 obser-

237 1983 345 2013 vare
364 1977 409 2013 et
429 1966 679 2013 defendere
696 1967 899 2012 student.

240 2114 332 2151 dont
351 2128 389 2152 se
417 2115 536 2166 plaint
555 2114 719 2152 Thomas
746 2115 856 2152 Basin
883 2128 932 2152 ne
960 2115 1039 2152 doit
1069 2128 1135 2165 pas
1168 2116 1247 2151 etre
1271 2114 1413 2164 imputo
1439 2114 1648 2151 seulement

241 2182 260 2216 21
284 2180 399 2217 Louis
422 2183 498 2226 XI,
521 2193 668 2216 comme
687 2180 710 2216 il
734 2180 781 2216 l’a
803 2180 867 2216 fait
891 2180 1208 2231 prccc'dcmmcnt.

296 2244 332 2280 1.
364 2241 547 2278 Pandolso
566 2242 782 2287 Malatesra‚
810 2241 1081 2292 predecesseur
1109 2242 1156 2278 de
1186 2241 1367 2278 Pliilibert
1397 2239 1443 2277 de
1479 2239 1650 2291 Montjen

242 2319 306 2343 sur
323 2305 357 2342 le
376 2305 477 2356 siege
498 2305 544 2341 de
563 2308 793 2353 Coutances‚
817 2305 1131 2343 demissionnaire
1154 2318 1200 2341 en
1227 2307 1343 2342 1424.
