1875 2956
683 192 824 225 LIBER
867 190 1063 225 SEXTUS.
1503 193 1575 226 107

179 276 320 337 ipsius
365 292 540 323 nornen
582 277 899 324 obedientiam
945 286 1084 337 atque
1129 273 1271 319 fidem
1315 275 1543 335 jurassent
1565 314 1574 330 ,

179 366 461 414 magnopere
491 354 646 399 conati
682 363 790 399 sunt
820 354 994 399 clerum
1034 349 1255 409 civitatis,
1292 359 1341 394 ut
1373 350 1580 397 similiter

177 427 317 472 etiam
353 427 542 487 faceret,
580 446 706 475 nunc
739 429 925 475 blandis
959 425 1284 481 sermonibus,
1321 443 1448 472 nune
1484 444 1582 488 gra-

176 502 372 549 vissimis
395 505 843 551 comminationibus
865 504 1104 550 inducere.
1128 502 1220 548 Sed
1244 519 1353 548 cum
1369 503 1456 548 viri
1480 520 1580 565 gra-

178 596 252 626 ves
273 596 326 626 ac
350 582 553 627 timorati
578 582 786 644 quinque
804 580 1128 638 ecclesiarum,
1152 579 1298 624 divini
1319 589 1363 625 et
1384 579 1579 625 humani

171 655 287 717 juris
312 657 473 719 periti,
504 657 568 701 eis
594 656 773 717 liquido
806 654 1142 711 ostendissent,
1173 654 1310 700 salvis
1336 655 1579 700 conscien-

178 732 277 791 tiis,
306 743 496 795 propter
525 733 701 794 jurium
735 731 1105 795 prohibitiones,
1141 731 1321 791 magnis
1350 740 1394 777 et
1421 730 1580 776 sormi-

177 809 412 855 dabilibus
435 811 586 873 poenis
619 810 840 869 sancitaS‚
868 826 915 854 se
949 808 995 853 id
1022 808 1216 853 minime
1243 807 1391 853 facere
1420 824 1578 871 posse,

177 885 396 943 tandem,
424 885 637 946 quamvis
671 901 698 930 a
722 883 1173 931 comminationibus
1197 900 1294 930 non
1318 893 1577 941 cessanteS,

177 962 469 1024 aliquantum
493 963 728 1024 quierunt.

240 1043 495 1085 Tentarunt
528 1049 571 1084 et
614 1039 756 1085 iidem
799 1039 884 1101 ipsi
921 1048 1112 1102 perante
1145 1037 1205 1084 ab
1243 1038 1411 1084 eodem
1458 1039 1582 1084 clero

177 1125 476 1178 extorquere,
500 1126 552 1161 ut
571 1117 618 1161 in
639 1115 925 1178 quibusdam
946 1115 1077 1160 vanis
1102 1124 1145 1159 et
1168 1115 1340 1160 frivolis
1364 1115 1584 1160 crimina-

180 1192 363 1237 tionum
391 1192 626 1255 capitulis,
655 1207 771 1253 quas
795 1190 1017 1236 adversus
1051 1206 1186 1236 suun]
1220 1190 1495 1253 pontificem
1524 1190 1581 1234 ad

177 1270 274 1330 ejus
299 1270 643 1332 depositionem
673 1286 720 1315 se
750 1270 967 1332 prosequi
997 1268 1297 1330 jactitabant,
1326 1269 1392 1313 eis
1416 1268 1585 1313 vellent

177 1345 440 1404 adhaerere3
477 1345 791 1406 eumdemque
831 1345 1036 1402 clerum,
1063 1345 1106 1388 vi
1145 1353 1189 1389 et
1222 1352 1351 1388 metu
1389 1360 1484 1388 ncn
1512 1344 1582 1388 in-

172 1421 298 1482 justo
333 1430 413 1466 aut
452 1437 576 1466 vano
610 1421 831 1466 adhibitis
852 1423 886 1479 ¹,
919 1420 976 1466 ad
1009 1419 1266 1482 quamdam
1305 1420 1585 1466 adhaesionis

178 1497 452 1556 formulam,
483 1514 579 1543 non
604 1507 760 1543 tamen
785 1497 935 1561 qualis
965 1497 1024 1543 ab
1056 1498 1121 1543 eis
1145 1497 1476 1560 expetebatur,
1504 1498 1581 1544 sed

176 1573 314 1635 longe
337 1573 617 1633 civiliorem,
645 1573 919 1636 adegerunt.
949 1577 1125 1620 Verum
1148 1591 1281 1630 cum,
1307 1590 1390 1636 per
1426 1576 1585 1621 omnia

176 1659 432 1697 scrutantes
454 1651 719 1712 iniquitates
743 1652 790 1697 in
814 1667 899 1696 suo
919 1650 1166 1714 pontifice,
1201 1651 1409 1696 viderent
1435 1668 1482 1696 se
1503 1651 1583 1697 de·

178 1726 314 1773 ficere
337 1728 584 1785 scrutinio,
607 1737 653 1772 et
671 1744 768 1773 sese
788 1728 989 1773 irrisioni
1007 1729 1164 1790 potius
1189 1726 1386 1773 ubilibet
1406 1737 1580 1789 patere,

178 1804 294 1850 nihil
317 1805 375 1850 de
399 1805 638 1867 conceptis
665 1805 1090 1863 criminationibus,
1117 1805 1190 1850 vel
1215 1804 1370 1850 verbis
1404 1805 1585 1851 confer-

178 1882 254 1940 tis,
282 1883 510 1928 intentare
535 1883 608 1927 vel
644 1883 862 1945 prosequi
899 1883 996 1928 ausi
1035 1883 1176 1928 fuere.
1208 1882 1435 1928 Viderunt
1459 1884 1583 1928 enim

178 1959 289 2004 tales
326 1960 665 2005 concinnantes
695 1959 831 2005 dolos
870 1977 943 2019 se,
985 1960 1154 2006 talibus
1193 1960 1379 2005 innixos
1411 1959 1586 2005 dolosis

178 2036 453 2082 commentis
478 2036 708 2097 variisque
731 2035 988 2098 figmentis,
1019 2037 1173 2082 omnis
1196 2035 1331 2081 solidi
1364 2052 1418 2081 ac
1444 2036 1584 2082 validi

179 2111 471 2157 fundamenti
514 2112 731 2158 firmitate
766 2112 979 2171 destitui,
1020 2129 1107 2158 nec
1144 2112 1254 2158 inde
1285 2112 1412 2158 aliud
1449 2130 1585 2175 posse

181 2189 266 2234 nisi
301 2187 486 2235 labores
526 2198 570 2234 et
612 2205 839 2252 expensas
878 2190 1063 2236 inutiles
1096 2199 1237 2252 atque
1277 2189 1585 2250 ignominiam

181 2277 430 2329 reportare.
460 2269 656 2330 Propter
675 2267 806 2329 quod
826 2267 887 2313 ab
911 2267 1037 2314 hisce
1063 2268 1156 2313 suis
1179 2267 1357 2317 frivolis
1385 2267 1586 2312 molitio-

182 2343 317 2390 nibus
339 2344 687 2403 abstentarunt,
715 2345 776 2391 ad
797 2355 982 2408 tempus
1006 2344 1228 2408 quidem;
1258 2353 1419 2407 postea
1439 2344 1581 2401 enim,

184 2419 451 2483 interposita
470 2438 554 2484 per
569 2437 649 2467 eos
666 2421 873 2484 quadam
889 2422 1227 2486 appellatione,
1250 2421 1309 2467 de
1326 2437 1419 2482 qua
1443 2420 1583 2483 paulo

186 2505 287 2556 post
308 2497 508 2543 locuturi
544 2514 728 2554 sumus,
760 2515 948 2545 causam
986 2515 1078 2544 suae
1115 2498 1441 2562 appellationis
1465 2497 1581 2541 duo-

240 2597 274 2630 1.
307 2599 367 2631 Sic
386 2610 454 2633 ms.
480 2607 515 2634 et
534 2598 665 2634 Matth.
687 2599 716 2635 11
738 2599 814 2635 faut
834 2600 1010 2649 suppleer
1035 2600 1198 2649 quelque
1218 2599 1331 2635 chose
1358 2597 1466 2647 apres
1486 2609 1556 2632 non
1575 2627 1582 2644 ἲ

185 2669 329 2694 comme
345 2671 478 2705 parum
499 2673 547 2696 ou
568 2661 762 2696 modicum.
