1875 2956
283 224 358 259 1120
640 222 979 259 HISTORIARUM
1009 220 1242 257 LUDOVICI
1269 223 1323 258 XI

280 310 521 356 exitialiter
545 307 895 373 premebantur,
923 308 1026 370 paci
1054 306 1348 369 libertatique
1371 325 1462 354 suae
1482 308 1677 354 restituti

281 386 486 433 fuissent.

346 464 481 525 Atqui
505 461 714 525 profecto
738 461 878 507 tantis
904 460 1044 505 bonis
1075 460 1159 523 ipsi
1194 459 1373 520 indigni
1407 471 1561 518 erant,
1594 477 1680 506 nec

281 539 444 601 dignas
476 539 582 584 satis
611 538 766 584 adhuc
791 553 955 600 poenas
978 537 1271 581 exsolverant
1298 551 1384 598 pro
1402 537 1680 582 malevolen-

280 617 360 673 tia,
375 615 485 661 odio
501 625 639 677 atque
652 612 1064 669 exsecrationibus,
1076 628 1191 674 quas
1206 611 1427 657 adversus
1441 612 1679 674 praefatum

280 692 511 754 optimum
556 690 828 754 pontificem
869 690 1135 736 habuerant
1175 698 1314 751 atque
1360 700 1674 735 exercuerant.

281 770 476 830 Propter
510 785 612 830 quae
638 769 810 814 scelera
838 778 884 813 et
914 768 1121 813 facinora
1149 786 1171 809 «
1197 765 1388 810 tradidit
1415 781 1497 810 eos
1523 764 1680 812 divina

273 844 450 905 justitia
472 845 519 888 in
543 844 797 907 reprobum
823 861 1027 900 sensum,
1055 863 1075 884 2>
1100 853 1144 888 et
1175 862 1196 885 «
1219 851 1397 887 mentes
1419 858 1585 887 eorum
1609 857 1682 887 ex-

279 920 465 965 caecavit
488 921 653 966 merito
685 921 905 983 nequitiae
934 936 1053 978 suae,
1087 938 1108 961 >³
1135 928 1184 963 ut
1205 934 1391 979 aequum
1415 927 1461 962 et
1479 917 1677 979 justum,

279 996 502 1058 quodque
529 997 594 1042 eis
626 997 920 1042 utilissimum
952 995 1089 1041 fuisse
1119 994 1367 1053 debuerat,
1396 995 1589 1040 minime
1614 995 1679 1040 vi-

279 1072 390 1118 dere
412 1082 551 1135 atque
575 1089 827 1135 agnoscere
862 1082 1067 1136 possent.
1097 1071 1237 1127 Quod
1263 1088 1316 1115 cx
1341 1070 1554 1130 duobus,
1581 1087 1682 1133 quae

280 1159 391 1195 tunc
410 1166 493 1213 per
513 1167 593 1196 eos
617 1160 742 1211 gesta
768 1158 899 1206 sunt,
931 1149 1184 1210 unicuique
1207 1149 1376 1193 intueri
1396 1149 1517 1193 licet.

347 1230 451 1273 Uno
469 1227 662 1291 quidem
683 1229 808 1289 quia,
837 1243 945 1272 cum
968 1236 1138 1272 trames
1162 1236 1314 1278 rectus
1331 1235 1375 1271 et
1391 1234 1576 1289 apertus
1597 1242 1682 1271 nec

279 1304 396 1349 alius
413 1314 524 1350 tunc
548 1305 635 1349 nisi
660 1304 736 1349 ille
758 1304 924 1349 unicus
951 1304 1015 1348 eis
1036 1312 1230 1366 pateret,
1254 1300 1534 1365 [videbatur]
1555 1302 1683 1365 quod

280 1380 476 1426 domino
500 1391 544 1426 et
568 1381 743 1444 pastori
766 1398 850 1426 suo
874 1380 1102 1443 piissimo,
1129 1381 1209 1441 qui
1235 1379 1442 1442 paratior
1465 1389 1562 1424 erat
1585 1396 1684 1424 om-

280 1473 389 1502 nem
410 1458 457 1502 in
477 1474 525 1503 se
549 1457 775 1502 offensam
802 1457 1075 1502 condonare
1098 1473 1241 1518 quam
1278 1457 1363 1518 ipsi
1390 1465 1568 1517 petere,
1587 1472 1683 1501 sese

279 1533 605 1578 reconciliatos
633 1542 677 1577 et
710 1542 899 1595 pacatos
922 1548 1018 1577 esse
1041 1532 1321 1587 voluissent,
1349 1547 1574 1593 eumque,
1605 1548 1682 1576 ve-

278 1608 347 1654 lut
377 1610 569 1654 unicum
596 1625 687 1653 suae
723 1608 1007 1654 defensionis
1037 1625 1090 1654 ac
1128 1608 1351 1654 libertatis
1383 1607 1678 1670 praesidium,

278 1685 325 1730 in
367 1701 498 1731 suam
536 1685 769 1730 civitatem
816 1685 1111 1730 invexissent.
1150 1685 1241 1730 Sed
1284 1685 1517 1729 tramitem
1553 1683 1683 1729 illum

279 1762 537 1825 callemque
566 1771 745 1807 rectum
779 1770 824 1806 et
861 1761 1204 1824 paratissimum
1230 1777 1285 1806 ac
1318 1760 1589 1806 facillimum
1624 1760 1684 1805 ad

279 1855 443 1901 pacem
464 1855 596 1885 suam
617 1838 978 1900 acquirendam,
1007 1854 1089 1883 sua
1113 1838 1289 1883 malitia
1312 1838 1509 1882 omnino
1540 1853 1684 1883 excae-

279 1916 393 1971 cati,
422 1932 508 1961 nec
532 1915 781 1978 complecti
811 1931 896 1960 nec
931 1930 1182 1976 agnoscere
1207 1923 1484 1977 potuerant3
1522 1930 1683 1959 verum

279 1993 435 2055 potius
456 1993 541 2055 ipsi
563 1992 760 2037 omnino
784 2007 998 2037 aversum
1023 2007 1050 2036 a
1072 2007 1155 2036 sua
1175 1991 1320 2036 salute
1343 2000 1389 2036 et
1407 1990 1561 2053 quiete
1582 1991 1683 2035 ani-

280 2086 435 2127 mum,
459 2069 585 2114 velut
604 2067 820 2114 homines
847 2067 1051 2113 frenetici
1072 2077 1116 2112 ct
1136 2067 1412 2125 dementati,
1440 2065 1677 2126 gerebant.

282 2144 416 2189 Unde
441 2161 547 2190 cum
580 2145 625 2189 in
659 2161 714 2190 ea
740 2144 804 2189 sic
827 2143 1023 2188 collecta
1052 2143 1215 2205 populi
1234 2141 1531 2186 multitudine
1563 2159 1684 2187 unus

281 2223 351 2267 vir
388 2222 542 2267 bonus
572 2232 616 2267 et
644 2221 851 2284 prudens
886 2221 1185 2266 acclamasset
1212 2218 1340 2280 quod
1370 2227 1609 2280 oporteret
1638 2235 1684 2263 se

282 2300 405 2344 illico
444 2300 626 2344 mittere
659 2299 716 2344 ad
757 2314 893 2342 suum
928 2296 1199 2360 pontificem
1236 2296 1417 2357 aliquos
1459 2296 1539 2356 qui
1575 2313 1683 2341 eum

282 2377 342 2422 ad
376 2377 611 2423 civitatem
652 2375 967 2431 adducerent,
1010 2374 1162 2418 statim
1200 2389 1227 2418 a
1257 2373 1394 2418 turba
1432 2373 1683 2436 impiorum

282 2454 590 2500 acclamatum
627 2462 693 2498 est
743 2468 789 2495 se
830 2467 1071 2512 nunquam
1112 2450 1229 2495 velle
1279 2450 1430 2495 cidem
1473 2449 1683 2512 pontifici

284 2548 368 2577 suo
400 2541 445 2577 et
470 2529 668 2594 principi
693 2544 871 2591 parere,
906 2544 991 2572 nec
1018 2527 1131 2572 ullas
1157 2527 1221 2571 eis
1246 2528 1314 2571 in¹
1343 2527 1565 2589 episcopo
1594 2528 1683 2571 Da-

337 2686 373 2720 1.
404 2682 577 2733 Corrigez
599 2695 656 2717 eos
679 2694 772 2716 rum.
