1875 2956
696 236 837 270 LIBER
866 235 1128 271 SECUNDUS.
1546 236 1618 270 377

671 447 1006 491 CAPITULUM
1048 447 1166 490 VIll.

379 580 428 611 De
446 578 572 623 iniquis
589 577 813 611 Normanniae
830 575 1145 610 consuctudinibus
1160 576 1275 619 aliqua
1295 575 1463 619 exempla.

286 709 498 768 Longum
518 716 634 753 esset
661 707 798 751 nimis
828 716 874 750 et
895 715 1023 751 extra
1045 705 1248 767 suscepti
1273 705 1426 767 operis
1449 721 1626 768 propo-

219 783 374 842 situm,
410 784 446 827 si
480 783 664 845 iniquas
697 793 742 828 et
776 782 1000 845 pessimas
1023 781 1401 837 consuetudines,
1429 782 1524 826 imo
1550 798 1626 827 ve-

218 857 312 901 rius
348 855 650 918 corruptelas,
680 871 795 916 quas
819 855 1093 916 rigidissime
1123 864 1262 916 atque
1293 854 1626 900 studiosissime

218 942 377 978 tenent
407 942 452 978 et
482 932 757 992 observant,
785 949 951 978 omnes
979 949 1094 995 quas
1126 932 1211 995 ipsi
1235 932 1453 977 novimus
1487 941 1625 994 atque

217 1009 392 1072 experti
439 1025 615 1067 sumus,
659 1009 828 1055 referre
871 1009 1109 1055 vellemus.
1150 1010 1263 1064 Qua¹
1306 1024 1378 1054 res
1414 1008 1626 1071 profecto

217 1086 417 1149 propria*
441 1085 659 1130 editionis
677 1102 796 1148 opus
812 1096 858 1131 et
880 1085 1141 1148 pergrande
1166 1085 1387 1131 volumen
1405 1102 1626 1149 exposce-

218 1171 302 1206 ret.
330 1162 588 1208 Nonnullas
610 1172 766 1207 tamen
791 1163 989 1226 exempli
1016 1162 1178 1223 gratia,
1202 1179 1305 1225 quae
1331 1178 1496 1208 eorum
1519 1162 1627 1207 fidei

219 1254 320 1300 quae
344 1238 545 1283 diximus
568 1238 927 1302 adstipulentur,
956 1256 1053 1285 non
1078 1240 1497 1302 praetermittendas
1516 1241 1629 1286 exis-

219 1316 500 1361 timavimus.

285 1395 437 1438 Unam
473 1392 724 1440 observant
762 1394 1101 1455 iniquissimam
1135 1392 1556 1450 consuetudinem,
1585 1404 1630 1439 et

219 1485 320 1530 qua*
341 1486 472 1532 paene
496 1470 596 1515 lites
620 1487 784 1516 omnes
810 1481 890 1516 aut
912 1471 1076 1531 longas
1106 1480 1186 1515 aut
1211 1470 1498 1514 immortales
1524 1470 1628 1515 red-

219 1544 303 1601 dit,
323 1545 471 1607 quod,
498 1546 576 1591 lite
600 1546 647 1590 in
666 1562 963 1608 quacumque
985 1561 1123 1590 causa
1142 1545 1216 1590 vel
1234 1545 1429 1590 minima
1449 1554 1632 1591 contes-

218 1629 335 1678 tata,
370 1621 525 1666 nullus
547 1622 856 1684 litigatorum,
894 1621 1195 1684 quantumvis
1226 1620 1284 1666 de
1314 1636 1399 1665 suo
1431 1629 1631 1666 tantum-

219 1698 365 1743 modo
388 1699 607 1744 interesse
637 1701 819 1762 privato
842 1709 1021 1760 agatur,
1057 1699 1250 1761 impune
1283 1699 1534 1759 transigere
1560 1700 1630 1745 vel

219 1774 389 1837 pacisci
408 1784 560 1837 potest
584 1775 629 1819 in
656 1791 953 1837 quacumque
973 1775 1217 1832 instantia3
1245 1774 1325 1820 sed
1347 1775 1381 1819 si
1402 1784 1632 1837 transege-

220 1852 312 1897 rint
343 1852 482 1897 etiam
506 1852 552 1896 in
576 1852 729 1915 prima
752 1852 972 1897 instantia
996 1852 1244 1913 litigantes,
1272 1862 1466 1914 uterque
1490 1869 1631 1916 pecu·

221 1928 298 1973 nia
336 1928 586 1973 mulctatur
624 1928 684 1974 ad
722 1927 968 1974 arbitrium
1000 1928 1186 1991 judicis,
1226 1938 1271 1973 et
1305 1928 1544 1975 interdum
1577 1946 1632 1976 ea

220 2005 417 2064 mulcta,
451 2021 553 2067 quae
587 2005 647 2051 ad
673 2006 899 2067 majorem
931 2021 1190 2064 summam,
1220 2020 1363 2066 quam
1398 2005 1539 2050 totius
1576 2006 1634 2051 sit

219 2083 461 2128 aestimatio
500 2084 608 2141 litis,
645 2081 882 2128 ascendat.
921 2083 1086 2145 Iniqua
1125 2081 1337 2146 profecto
1372 2090 1418 2126 et
1455 2082 1632 2127 caritati

216 2158 491 2221 juribusque
514 2160 704 2205 inimica
720 2159 1029 2218 consuetudo,
1051 2175 1153 2222 quae
1175 2175 1294 2221 saepe
1316 2157 1419 2204 lites
1439 2158 1633 2204 mulcta-

220 2253 325 2281 rum
348 2247 475 2282 metu
502 2254 633 2300 paeue
663 2236 804 2283 efficit
837 2236 1140 2295 immortales,
1168 2245 1212 2282 et
1243 2235 1352 2281 odia
1376 2244 1517 2298 atque
1546 2235 1631 2280 ini-

221 2313 433 2373 micitias,
461 2329 562 2376 quae
595 2313 864 2360 oboriri'ex
896 2313 1056 2359 litibus
1097 2313 1271 2369 solent,
1311 2312 1456 2357 nutrit
1493 2322 1632 2372 atque

224 2389 369 2447 fovet,
394 2390 451 2436 de
471 2390 643 2453 quibus
670 2391 819 2451 facile,
848 2391 934 2437 nisi
959 2401 1109 2436 metus
1142 2389 1417 2453 hujusmodi
1439 2389 1634 2435 mulcta-

222 2483 326 2512 rum
349 2467 571 2527 obstaret,
609 2469 729 2514 inter
760 2469 1013 2531 litigatores
1036 2467 1226 2529 transigi
1249 2477 1419 2530 posset,
1453 2467 1633 2529 ipsique

222 2543 342 2588 inter
364 2560 411 2588 se
440 2544 500 2589 ad
532 2546 771 2591 caritatem
794 2555 839 2590 et
866 2545 1120 2592 amicitiam
1155 2543 1316 2589 reduci
1349 2552 1394 2588 et
1420 2543 1632 2588 reconci-

222 2620 338 2666 liari.
384 2621 541 2680 Quod,
583 2622 883 2683 quantumvis
918 2622 966 2667 id
1002 2631 1242 2684 exoptent,
1283 2630 1438 2665 tamen
1471 2619 1632 2681 hujus-

224 2696 353 2742 modi
377 2707 503 2742 metu
522 2698 725 2755 coerciti,
753 2697 900 2743 facere
917 2697 1196 2760 plerumque
1218 2695 1412 2740 minime
1436 2694 1627 2741 audent.
