1875 2956
241 206 315 241 104
602 206 941 242 HISTORIARUM
971 204 1204 240 LUDOVICI
1232 204 1286 238 xl

244 290 530 348 habebatur3
560 307 870 352 successuque
902 290 1124 352 temporis
1160 290 1313 334 statim
1349 301 1641 353 compertum

240 378 335 428 est,
363 385 506 431 quam
530 369 759 414 damnosa
784 367 957 412 civitati
990 366 1123 411 foret.
1161 366 1270 420 Quae
1297 381 1380 427 per
1411 366 1503 412 hoc
1533 384 1645 412 om—

242 448 353 492 nino
385 448 565 510 privata
606 446 691 490 suit
723 445 1000 491 advectione
1046 443 1252 507 plurium
1288 443 1557 491 victualium
1600 456 1646 491 et

243 524 440 570 aliarum
471 539 626 568 rerum
651 522 1015 568 necessariarum
1033 557 1044 579 ,
1071 536 1188 581 quas
1219 518 1278 564 de
1302 520 1434 565 terris
1457 522 1647 568 Hollan-

241 599 328 645 diae
345 609 390 644 et
415 599 514 644 aliis
534 599 720 643 Austriae
744 597 902 657 ducis,
925 614 1010 661 per
1034 595 1242 642 medium
1262 595 1384 640 illius
1408 597 1643 659 oppiduli,

242 675 585 721 neutralitatem
606 676 854 734 servantis,
879 674 1103 736 consequi
1128 681 1451 717 consueverat.

307 753 439 814 Atqui
472 768 583 797 cum
613 752 887 813 hujusmodi
924 751 1204 815 oppidulum
1222 787 1233 809 ,
1260 750 1444 794 circiter
1469 765 1650 796 menses

243 840 332 874 tres
348 866 359 888 ,
391 829 466 874 ille
490 828 730 886 nitherus,
754 829 833 890 qui
861 829 1014 891 ipsum
1039 828 1104 872 sic
1133 826 1295 872 fraude
1321 826 1646 889 interceperat,

243 917 561 968 cognomento
609 905 953 951 Zwanenborcle,
970 908 978 928 ¹
995 943 1006 964 ,
1053 905 1297 961 tenuisset,
1356 912 1647 965 cunctaque,

242 995 288 1030 et
312 985 359 1029 in
393 984 570 1047 oppido
600 993 646 1028 et
669 984 1058 1045 circumquaque,
1082 998 1184 1044 quae
1211 997 1374 1044 rapere
1402 981 1648 1043 potuisset,

243 1071 557 1123 aggregasset,
586 1060 789 1123 plurima
827 1060 1015 1105 farcitus
1052 1057 1209 1122 praeda
1244 1068 1290 1103 et
1323 1057 1480 1120 spoliis
1518 1058 1652 1102 mise-

245 1155 424 1197 rorum,
452 1137 650 1182 domino
668 1137 761 1182 loci
785 1136 1022 1181 mediante
1038 1138 1067 1195 ²,
1091 1151 1273 1180 summa
1293 1135 1433 1179 trium
1457 1134 1652 1180 millium

245 1217 536 1262 florenorum
558 1215 709 1278 ipsum
731 1214 1009 1277 oppidulum
1035 1213 1249 1271 restituit,
1273 1221 1335 1269 et,
1359 1212 1529 1257 relictis
1550 1214 1656 1257 Tra-

241 1292 555 1356 jectensibus,
584 1290 643 1337 ad
664 1291 856 1355 propria
879 1290 1147 1336 remeavit&

313 1373 406 1415 Nec
438 1386 550 1415 vero
588 1367 1016 1423 Amersfordenses,
1053 1366 1424 1428 Trajectensibus
1456 1366 1655 1428 adgluti-

248 1447 370 1505 nati,
402 1446 542 1492 etiam
566 1461 593 1491 a
615 1445 727 1490 belli
765 1443 979 1489 cladibus
1012 1453 1057 1487 et
1090 1443 1185 1501 his,
1215 1460 1316 1506 quae
1349 1443 1457 1488 inde
1488 1459 1657 1506 prove·

250 1523 349 1568 nire
391 1523 569 1580 solent,
613 1521 808 1567 sinistris
855 1518 1100 1565 eventibus
1141 1529 1347 1564 exsortes
1390 1529 1652 1564 evaserunt.

250 1602 367 1644 Nam
400 1599 543 1661 paulo
579 1608 687 1643 ante
719 1596 902 1643 cladem
923 1612 949 1641 a
970 1596 1340 1657 Trajectensibus
1370 1605 1654 1658 susceptam,

249 1674 510 1720 autumnali
530 1684 762 1736 tempore,
792 1690 925 1730 cum,
950 1671 1171 1717 adversus
1189 1672 1346 1717 hostes
1370 1673 1660 1717 incursantes

249 1761 294 1797 et
317 1751 598 1814 populantes
629 1766 765 1811 agros
804 1766 937 1807 suos,
965 1759 1138 1794 temere
1168 1759 1212 1793 et
1249 1748 1440 1794 confuse
1472 1748 1660 1793 exsiliis-

251 1838 379 1888 sent,
407 1844 492 1891 per
516 1827 707 1873 insidias
733 1826 795 1872 ab
823 1825 1040 1871 hostibus
1063 1826 1395 1884 circumventi,
1424 1824 1660 1871 fortunam

251 1905 363 1950 belli
406 1904 650 1950 adversam
677 1904 853 1967 experti
893 1913 1000 1948 sunt
1017 1905 1044 1946 ⁴.
1080 1902 1192 1947 Caesi
1231 1903 1357 1946 enim
1385 1902 1571 1947 fuerunt
1602 1901 1661 1947 de

252 1981 434 2027 civibus
458 1982 562 2044 plus
582 1997 725 2043 quam
751 1980 961 2037 ducenti,
985 1990 1030 2024 et
1053 1980 1175 2024 circa
1196 1989 1386 2024 centum
1410 1978 1536 2024 ducti
1557 1994 1661 2041 cap-

250 2058 358 2117 tivi,
388 2073 496 2102 cum
520 2057 721 2120 plurima
747 2056 904 2119 praeda
928 2055 1105 2114 boum,
1133 2071 1337 2116 quorum
1360 2055 1511 2099 solent
1540 2071 1658 2116 quo-

303 2253 339 2289 1.
371 2250 591 2288 Vincentius
611 2262 685 2286 van
706 2249 772 2286 der
791 2248 1074 2286 Zwancnlmrch
1088 2278 1097 2295 ,
1120 2248 1305 2297 capitaine
1320 2247 1366 2283 de
1386 2260 1477 2297 gens
1498 2246 1658 2284 d‘armes

250 2326 298 2350 au
318 2312 461 2349 service
481 2311 691 2348 ‹l'Utrccht.

303 2375 341 2411 2.
372 2374 518 2410 W'alrax
530 2387 574 2409 cn
596 2386 669 2409 van
691 2372 920 2409 Brcdcrode.
952 2371 1148 2408 Maltha’us
1169 2385 1187 2408 a
1209 2370 1354 2407 celaimi
1384 2384 1451 2420 par
1473 2371 1538 2407 des
1559 2379 1658 2407 actes

249 2448 292 2472 ce
326 2447 479 2485 passage
504 2434 725 2470 interessant
762 2447 859 2483 pour
884 2433 1065 2469 l'liistoire
1096 2432 1334 2483 particulicre
1359 2432 1404 2467 ‹le
1429 2432 1571 2469 Vianen
1588 2460 1597 2477 ‚
1623 2440 1658 2467 et

250 2497 346 2534 aussi
369 2510 465 2546 pour
486 2495 664 2532 l'histoire
684 2496 730 2531 (le
751 2495 1028 2531 l'insurrection
1050 2495 1095 2531 dc
1120 2496 1211 2531 1481
1230 2523 1238 2540 ‚
1262 2495 1420 2543 pilisque
1445 2494 1499 2531 les
1520 2493 1658 2530 Brede-

251 2558 342 2595 rode
362 2559 499 2594 etaient
520 2558 569 2593 du
591 2559 712 2593 nu‘wne
732 2557 826 2607 parti
847 2570 920 2606 que
939 2557 991 2592 les
1011 2556 1229 2602 't·1·aj0‹.·¹ius.

308 2622 343 2655 3.
376 2622 425 2656 Ce
449 2619 512 2668 qui
533 2618 604 2655 suit
625 2619 745 2654 formo
764 2632 813 2654 un
836 2626 942 2654 autre
961 2617 1129 2667 chapitre
1149 2617 1242 2655 dans
1260 2617 1471 2656 Matthaeus.

309 2683 345 2719 4.
380 2684 427 2717 22
453 2679 666 2730 septembre
686 2682 800 2717 1481.
