1875 2956
249 234 324 268 286
815 234 1062 270 APOLOGIA
1077 261 1086 277 ,

252 322 578 383 responsione,
625 337 719 365 non
758 320 886 365 aliud
921 320 1060 366 nobis
1082 320 1362 369 afferebatur
1387 341 1529 387 quarn
1565 343 1651 373 nos

252 398 385 459 regiae
419 398 703 443 ordinationi
738 396 912 442 habere
944 414 1130 443 necesse
1165 414 1355 461 parere,
1393 402 1525 464 cujus
1552 403 1651 466 pla-

253 475 398 519 citum
427 484 523 519 crat
556 484 607 519 ut
638 473 724 519 sibi
755 475 803 519 in
828 475 1110 537 Perpiniano
1141 476 1433 522 serviremus.
1472 482 1578 535 Quo
1603 480 1651 524 in

254 551 357 595 loco
381 568 489 595 cum
520 551 616 614 ipse
646 551 926 596 Parlamenti
951 552 1130 596 curiam
1153 552 1335 598 noviter
1357 554 1647 612 instituisset,

251 645 336 690 pro
371 628 520 673 causis
554 628 864 674 comitatuum
898 628 1168 674 Rossilionis
1198 639 1242 675 et
1276 630 1517 677 Ceritaniae
1552 640 1652 678 tan-

250 721 393 765 quam
434 705 482 750 in
523 723 743 770 supremo
773 706 995 752 tribunali
1025 706 1091 752 ibi
1133 706 1441 767 diffiniendis,
1477 718 1523 754 et
1562 710 1654 755 illic

251 797 370 845 opus
413 782 502 828 sibi
537 794 655 829 esset
695 784 1025 830 cancellarium
1064 783 1236 830 habere
1271 801 1356 847 pro
1399 784 1653 833 directione

250 858 383 904 dictae
418 860 556 905 curiae
581 871 627 906 et
652 862 918 907 communis
945 861 1132 923 justitiae
1168 862 1309 908 totius
1340 862 1528 925 patriae,
1570 880 1655 910 nos

251 934 359 994 illo,
387 935 580 998 hujusce
604 936 747 982 officii
772 936 965 998 gerendi
989 937 1164 998 gratia,
1189 937 1471 984 destinabat.

317 1017 461 1059 Porro
490 1014 597 1060 licet
623 1016 756 1060 color
781 1015 857 1060 ille
890 1014 977 1060 sub
1006 1014 1201 1060 honoris
1223 1015 1488 1061 velamento
1521 1016 1657 1062 nobis

251 1091 446 1137 obtendi
471 1091 722 1151 xideretur,
748 1108 846 1137 11011
868 1101 1026 1137 13111611
1050 1091 1384 1153 ignorabamus
1408 1092 1524 1138 fines
1541 1109 1658 1155 quos

250 1178 295 1213 et
318 1185 397 1214 rex
428 1169 719 1228 intendebat,
751 1179 797 1214 et
828 1168 1045 1214 nonnulli
1069 1169 1148 1231 qui
1173 1169 1231 1228 ei,
1264 1179 1314 1214 ut
1350 1170 1412 1215 ita
1440 1170 1498 1215 de
1522 1170 1658 1216 nobis

251 1245 521 1292 decerneret
562 1246 735 1307 talique
768 1246 1125 1310 proscriptionis
1159 1262 1246 1291 nos
1270 1247 1577 1293 incommodo
1615 1258 1659 1293 et

250 1321 480 1384 supplicio
520 1322 740 1382 afficeret,
776 1321 1101 1383 suggerebant.
1133 1323 1237 1366 Jam
1272 1322 1399 1366 enim
1433 1332 1540 1368 ante
1575 1339 1660 1368 nos

252 1398 418 1444 missos
446 1400 524 1445 illo
563 1400 699 1445 fuisse
739 1409 781 1444 et
824 1400 940 1445 alios
983 1413 1283 1458 noveramus,
1311 1398 1484 1461 quibus
1519 1415 1660 1462 quam

253 1485 407 1537 gratus
448 1477 571 1522 1111115
613 1487 745 1522 terrae
783 1477 1016 1522 incolatus
1064 1475 1335 1534 exstitisset,
1373 1478 1480 1522 satis
1523 1477 1662 1523 nobis

252 1551 512 1597 constabat.

321 1629 472 1691 Atqui,
490 1646 598 1673 cum
613 1639 777 1674 contra
796 1629 990 1675 nitendo
1011 1629 1126 1675 nihil
1152 1647 1238 1675 nos
1258 1629 1486 1692 proficere
1503 1647 1656 1693 posse,

251 1705 332 1751 sed
357 1706 513 1768 potius
538 1706 786 1751 adversum
813 1723 899 1751 nos
922 1708 1042 1770 regis
1070 1709 1282 1753 animum
1322 1708 1522 1770 amplius
1559 1725 1662 1754 exa-

251 1781 442 1828 cerbare
468 1783 814 1846 perciperemus
830 1816 841 1836 ,
871 1783 931 1828 ad
958 1783 1222 1845 parendum
1247 1784 1382 1845 regite
1404 1784 1657 1842 voluntati,

251 1859 358 1904 licet
385 1859 578 1905 minime
601 1858 815 1918 libentes,
839 1859 1262 1906 condescendimus
1278 1897 1289 1919 ,
1318 1860 1663 1922 acquiescentes

254 1953 339 1982 nos
362 1937 442 1982 illo
468 1939 532 1982 ire
556 1947 601 1982 et
624 1936 711 1982 sibi
738 1936 936 1983 fideliter
955 1953 1042 1999 pro
1061 1938 1295 1983 concessis
1319 1954 1345 1983 a
1368 1937 1578 1982 Domino
1601 1937 1664 1982 vi·

254 2011 382 2058 ribus
404 2013 601 2070 servire,
642 2012 788 2058 modo
821 2012 879 2058 de
903 2012 1091 2059 duobus
1127 2013 1264 2059 nobis
1299 2029 1382 2059 5113
1415 2013 1663 2059 clementia

254 2090 447 2148 gratiam
473 2090 696 2153 impertiri
722 2089 1009 2150 dignaretur.
1042 2090 1251 2135 Primum
1269 2125 1280 2146 ,
1311 2099 1364 2134 ut
1389 2089 1665 2152 priusquam

254 2164 362 2210 illuc
385 2165 804 2228 proficisceremur,
830 2166 889 2212 ad
917 2166 1215 2212 revisendam
1239 2165 1483 2211 ecclesiam
1507 2175 1552 2211 et
1581 2165 1663 2212 do-

254 2263 384 2292 mmn
433 2257 641 2293 nostram
690 2249 892 2311 spatium
936 2248 1010 2293 vel
1047 2247 1230 2292 dierum
1267 2256 1375 2292 octo
1416 2245 1553 2291 nobis
1592 2247 1662 2291 in-

253 2324 536 2387 dulgeretur,
573 2335 649 2384 ut,
684 2326 911 2386 quoniam
938 2325 997 2370 ab
1030 2341 1156 2370 anno
1188 2325 1303 2370 citra
1327 2341 1422 2387 quo
1447 2324 1662 2370 absentes

254 2417 280 2446 a
306 2401 452 2462 patria
479 2401 728 2460 fueramus,
755 2412 799 2446 et
822 2401 949 2447 bona
982 2411 1141 2446 nostra
1168 2401 1348 2464 direpta
1373 2411 1416 2446 et
1440 2401 1662 2447 officiales

256 2478 397 2523 nostri
416 2478 619 2523 destituti
647 2479 844 2537 fuerant,
871 2494 942 2523 res
964 2488 1145 2523 nostras
1167 2479 1342 2523 laceras
1359 2488 1403 2524 et
1420 2478 1662 2524 distractas

256 2565 508 2618 utcumque
532 2556 749 2600 resarcire
772 2555 947 2614 liceret,
976 2565 1019 2600 ct
1034 2565 1219 2601 amotos
1241 2555 1491 2601 officiarios
1502 2556 1660 2601 denuo

255 2632 512 2692 instituere,
550 2632 820 2695 priusquam
854 2642 950 2678 tam
990 2632 1298 2696 longinquam
1328 2633 1661 2696 peregrinatio-

256 2726 363 2755 nem
396 2710 720 2772 arriperemus.
752 2709 842 2755 Sed
873 2709 971 2754 baec
1006 2709 1274 2756 humanitas
1305 2726 1494 2773 prorsus
1521 2709 1659 2755 nobis
