1875 2956
272 257 344 292 368
823 255 1066 290 APOLOGIA
1081 282 1089 293 ,

753 461 1094 506 CAPITULUM
1128 461 1183 504 V.

715 594 833 628 Tertia
848 593 936 627 ratio
956 591 1217 626 consolationis.

333 721 425 763 Nos
454 717 594 762 etiam
620 715 819 779 proinde
852 731 949 760 non
985 730 1153 777 parum
1178 714 1403 759 felicitatis
1430 729 1526 759 esse
1551 729 1670 759 asse-

265 803 399 839 cutos
430 803 720 857 reputantes,
756 791 886 854 quod
919 807 1007 836 nec
1041 791 1188 837 oculis
1216 801 1470 854 tyrannum
1504 790 1671 836 intueri

266 879 404 932 atque
429 869 656 932 inspicere
680 868 962 927 habeamus,
990 883 1075 913 nec
1105 868 1227 914 mala
1259 868 1334 913 vix
1368 866 1666 927 enarrabilia,

265 946 436 1010 quibus
468 945 556 991 sub
583 946 673 991 isto
705 945 999 1009 principante
1029 945 1299 990 universum
1331 960 1527 1006 regnum
1550 944 1670 1006 ejus-

265 1040 356 1086 que
379 1023 570 1080 accolae,
597 1038 651 1068 ac
682 1023 921 1085 potissime
944 1022 1187 1086 provincia
1210 1022 1530 1080 Normanniae,
1558 1020 1673 1067 affli-

265 1110 438 1162 guntur
460 1109 506 1145 et
526 1109 803 1145 atteruntur.
832 1102 945 1155 Quae
968 1109 1036 1145 est
1061 1101 1195 1145 tertia
1219 1099 1337 1144 ratio
1361 1099 1408 1144 in
1428 1099 1500 1144 his
1523 1115 1673 1162 perse-

264 1177 534 1224 cutionibus
558 1176 894 1222 consolationis
916 1187 1100 1221 nostra*⁸

333 1279 354 1300 «
379 1259 481 1302 Non
514 1255 604 1301 alia
629 1255 677 1299 in
706 1269 845 1300 causa
866 1273 887 1297 »
915 1254 1067 1317 inquit
1092 1254 1271 1313 Cicero,
1301 1273 1322 1297 «
1349 1255 1533 1299 Marcus
1557 1256 1671 1300 Cato

266 1333 367 1393 fuit,
395 1333 483 1378 alia
522 1332 691 1390 caeteri,
717 1331 798 1394 qui
829 1348 876 1376 se
908 1331 956 1375 in
992 1330 1137 1376 Africa
1166 1331 1331 1377 Caesari
1360 1331 1667 1376 tradiderunt.

264 1412 437 1455 Tamen
461 1410 650 1469 Catoni,
678 1408 807 1470 quod
833 1407 921 1453 sibi
945 1407 1270 1453 incredibilem
1301 1418 1468 1454 natura
1491 1407 1674 1453 tribuis-

266 1496 333 1531 set
353 1487 624 1547 grax‘itatem
646 1502 845 1548 eamque
861 1495 1087 1549 perpetua
1105 1486 1366 1531 constantia
1383 1484 1668 1544 roborasset,

266 1563 569 1608 moriendum
604 1563 761 1626 potius
797 1579 939 1623 quam
965 1562 1151 1624 tyranni
1173 1562 1327 1606 utltus
1357 1561 1673 1624 inspiciendus

267 1638 367 1684 suit.
401 1658 422 1682 »
452 1643 515 1684 Ex
544 1655 637 1702 qua
659 1638 870 1702 profecto
895 1640 1122 1683 sententia
1145 1639 1299 1699 colligi
1319 1639 1424 1683 licet
1446 1655 1540 1683 11011
1565 1655 1672 1701 par-

265 1731 372 1760 vam
396 1717 591 1777 gratiam
614 1716 715 1759 viro
745 1716 871 1775 gravi
895 1725 1034 1777 atque
1058 1715 1276 1778 sapienti,
1305 1715 1378 1759 0111
1406 1730 1497 1777 prae
1518 1715 1671 1759 omni-

262 1790 352 1838 bus
377 1793 511 1838 malis
543 1807 704 1837 amore
728 1791 911 1853 justitiae
939 1790 1234 1836 exsecrabilis
1266 1791 1474 1853 tyrannis
1498 1789 1673 1836 habea-

263 1879 353 1928 tur,
394 1870 583 1916 allatam
621 1885 735 1926 esse,
775 1867 906 1931 quod
942 1877 1145 1930 tyranno
1185 1883 1347 1913 coram
1382 1867 1564 1914 adstare
1602 1868 1673 1913 vel

263 1964 372 1992 eum
393 1947 540 1993 0011115
562 1946 732 1992 intueri
755 1962 836 1991 seu
860 1945 1107 2010 inspicere,
1137 1945 1273 2007 eique
1298 1961 1462 2009 parere
1482 1945 1673 1990 minime

263 2025 588 2087 compellatur,
629 2022 822 2086 quando
860 2021 1142 2068 occumbere
1179 2023 1336 2085 potius
1373 2038 1515 2084 quam
1545 2032 1675 2068 tanta

264 2101 450 2164 percelli
488 2100 773 2159 infelicitate,
810 2098 941 2162 quod
972 2098 1159 2161 tyranni
1189 2099 1437 2162 inspiceret
1470 2099 1669 2156 vultum,

262 2178 446 2241 sapiens
469 2180 584 2224 Cato
616 2177 802 2239 delegit.
834 2176 942 2236 Qui,
973 2176 1009 2221 si
1034 2175 1094 2221 ab
1118 2175 1210 2221 alio
1232 2174 1321 2220 sibi
1343 2191 1507 2221 necem
1529 2192 1673 2240 prop-

262 2265 387 2302 terea
421 2256 681 2319 pertulisset
724 2255 923 2311 illatam,
960 2271 1059 2300 non
1100 2253 1187 2300 sibi
1222 2254 1309 2317 ipsi
1350 2254 1669 2314 conscivisset,

264 2332 429 2396 procul
445 2332 610 2393 dubio,
632 2349 718 2378 nec
735 2332 999 2378 christianis
1014 2330 1305 2395 temporibus
1317 2331 1670 2395 vituperandus,

271 2411 352 2456 sed
386 2411 793 2456 commendandus
816 2410 972 2474 potius
1001 2410 1274 2473 magnisque
1295 2409 1514 2456 laudibus
1536 2418 1675 2473 atque

271 2487 515 2552 praeconiis
546 2487 830 2533 attollendus
864 2487 996 2532 soret.
1024 2486 1158 2532 Unde
1184 2487 1462 2551 perpulchre
1490 2498 1676 2534 sanctus

263 2564 559 2627 Pygmenius,
585 2563 827 2628 presbyter
851 2573 896 2609 et
913 2563 1081 2609 Christi
1104 2574 1280 2627 martyr
1301 2565 1544 2627 gloriosus,
1565 2582 1673 2612 cum

264 2644 496 2707 corporali
519 2660 767 2707 percussus
799 2643 1003 2689 caecitate
1036 2644 1272 2689 Julianum
1302 2654 1560 2708 apostatam
1585 2644 1672 2690 ob-

265 2722 392 2767 vium
419 2720 657 2767 habuisset
694 2720 933 2766 sedentem
969 2720 1015 2765 in
1053 2720 1200 2767 rheda
1224 2737 1366 2767 aurea
1399 2721 1550 2784 (cujus
1576 2722 1672 2785 ipse
