1875 2956
223 256 297 292 360
777 260 1018 295 APOLOGIA
1036 288 1044 304 ,

223 360 343 403 rem,
372 344 453 390 sed
487 346 650 391 1100111
681 347 745 391 eis
776 345 1019 392 dumtaxat
1048 357 1174 393 amat
1211 350 1338 411 quod
1373 350 1539 415 [juvat]
1563 350 1623 398 ad

220 421 544 484 proximorum
582 421 829 467 utilitatem
867 431 911 466 et
949 421 1284 481 directionem,
1320 427 1442 486 Deo,
1483 443 1621 489 quem

220 499 373 544 solum
396 508 546 557 amat,
570 516 706 544 suum
724 498 914 544 exhibet
933 500 1244 545 ministerium
1264 511 1306 546 et
1331 500 1619 549 famulatum.

223 575 434 620 Profecto
457 591 543 620 nec
558 576 595 620 si
609 576 833 622 violentia
852 576 1234 640 persequentium
1255 593 1302 622 se
1321 576 1381 623 ab
1402 579 1466 623 eis
1486 581 1626 642 pella-

220 661 294 696 tur
315 660 454 712 atque
477 651 736 713 dejiciatur,
767 653 837 698 vel
865 654 1004 698 etiam
1025 652 1202 698 eisdem
1228 664 1395 716 sponte
1414 670 1470 699 ex
1490 671 1625 703 causa

220 726 487 773 rationabili
527 728 687 788 cedat,
724 746 778 775 ex
814 730 1065 776 transitorii
1107 730 1304 776 honoris
1346 730 1555 778 absentia
1584 744 1629 779 et

217 805 439 861 carentia,
456 821 598 867 quem
616 807 811 853 minime
831 807 1101 866 adamabat,
1118 824 1205 853 nec
1226 807 1464 870 frangetur
1478 827 1629 873 neque

218 880 504 926 cruciabitur
528 899 756 944 unquam.
794 887 859 929 Ex
893 884 986 930 hoc
1015 901 1112 931 uno
1142 884 1335 947 quidem
1367 886 1526 932 dolere
1557 888 1630 950 pie

218 967 262 1002 et
293 967 451 1003 sancte
484 960 655 1021 poterit
686 961 815 1021 quod
849 960 936 1006 sibi
968 962 1205 1008 auferatur
1240 972 1378 1024 atque
1411 963 1632 1026 eripiatur

223 1034 429 1095 facultas,
455 1052 548 1098 qua
572 1035 785 1100 pluribus
805 1054 860 1084 ex
886 1039 1076 1084 caritate
1100 1049 1145 1085 et
1168 1055 1330 1084 amore
1348 1039 1435 1085 Dei
1458 1040 1632 1087 utiliter

218 1111 440 1174 prodesse
471 1113 716 1176 cupiebat,
752 1124 797 1160 et
829 1115 959 1177 quod
994 1116 1042 1160 111
1075 1131 1130 1161 ea
1166 1132 1215 1161 re
1248 1117 1557 1162 ministerium
1589 1127 1634 1164 et

222 1188 499 1234 famulatum
524 1191 635 1248 Dei,
670 1207 812 1252 quern
836 1192 989 1237 solum
1019 1203 1167 1253 amat,
1199 1194 1399 1257 amplius
1421 1211 1634 1241 exercere

222 1275 265 1311 et
289 1266 512 1329 perficere
535 1284 633 1313 non
656 1268 854 1329 habeat,
881 1287 1045 1316 verum
1069 1287 1178 1316 cum
1201 1281 1247 1317 et
1267 1272 1377 1332 hoc,
1403 1272 1534 1334 quod
1557 1274 1634 1319 tali

225 1344 481 1390 ministerio
501 1356 655 1391 careat
672 1357 812 1410 atque
831 1364 888 1393 00
906 1347 1155 1408 abstineat,
1174 1349 1287 1395 sciat
1300 1366 1398 1394 11011
1413 1349 1512 1395 51110
1530 1351 1632 1410 Dei,

224 1437 365 1482 quem
390 1422 543 1468 solum
576 1423 749 1485 diligit,
784 1425 1028 1471 voluntate
1050 1425 1323 1488 judicioque
1345 1427 1633 1489 contingere,

225 1499 323 1560 ejus
349 1499 521 1544 auxilio
546 1510 591 1545 et
612 1502 759 1561 gratia
778 1501 982 1564 adjutus,
1003 1519 1136 1548 suam
1155 1503 1446 1549 voluntatem
1469 1504 1637 1549 divinae

226 1575 412 1638 penitus
431 1592 520 1621 con
531 1576 755 1636 formans,
777 1594 873 1623 11011
895 1578 1048 1624 solum
1068 1579 1248 1624 fortiter
1271 1590 1316 1625 et
1338 1581 1566 1642 patienter
1590 1597 1637 1626 se

226 1651 368 1698 habet
389 1653 436 1698 in
461 1653 838 1716 quibuscumque
859 1654 1218 1701 adversitatibus
1238 1665 1283 1701 et
1307 1657 1639 1719 persecutioni-

226 1727 330 1786 bus,
356 1728 454 1786 sed,
472 1728 602 1790 juxta
619 1730 929 1792 apostolicam
951 1731 1233 1791 doctrinam,
1255 1732 1395 1777 etiam
1422 1753 1442 1774 «
1468 1732 1639 1794 gloria—

229 1813 302 1849 tur
324 1804 371 1849 in
393 1803 791 1865 tribulationibus,
811 1806 963 1851 sciens
981 1807 1092 1868 quia
1108 1806 1346 1852 tribulatio
1366 1807 1639 1870 patientiam

229 1891 466 1943 operatur,
493 1883 714 1945 patientia
736 1881 1086 1945 probationem,
1114 1882 1331 1946 probatio
1355 1900 1502 1947 spem.
1528 1886 1641 1948 Spes

229 1974 340 2003 vero
378 1975 474 2003 non
508 1959 773 2019 confundit,
815 1960 925 2022 quia
963 1961 1130 2006 caritas
1164 1960 1251 2005 Dei
1285 1959 1454 2006 diffusa
1489 1971 1557 2006 est
1593 1961 1640 2006 in

232 2034 454 2080 cordibus
480 2036 652 2081 nostris
674 2053 759 2099 per
783 2037 1008 2099 Spiritum
1043 2046 1275 2092 sanctum,
1313 2038 1392 2099 qui
1416 2036 1552 2082 datus
1575 2047 1643 2083 est

234 2111 370 2157 nobis
387 2132 407 2154 n
433 2113 571 2159 arrha
592 2113 803 2177 profecto
826 2114 1080 2159 certissima
1102 2123 1146 2158 et
1168 2114 1337 2177 pignus
1359 2124 1539 2158 aeternae
1555 2113 1645 2158 ha*-

236 2190 466 2249 reditati53
504 2191 768 2254 gaudetque
799 2192 847 2237 in
878 2208 932 2238 ea
954 2209 1034 2255 spe
1058 2192 1178 2237 miro
1214 2190 1361 2236 modo
1385 2191 1455 2235 vir
1473 2191 1640 2252 justus,

233 2267 427 2328 cupiens
461 2277 506 2312 et
540 2267 811 2313 desiderans
843 2278 942 2313 toto
966 2269 1134 2313 mentis
1161 2268 1329 2313 affectu
1363 2267 1646 2312 imitatorem

235 2359 282 2388 se
309 2342 409 2387 fieri
433 2359 598 2389 eorum
624 2345 704 2406 qui
741 2343 833 2389 fide
857 2354 901 2389 et
930 2345 1153 2407 patientia
1181 2342 1515 2388 haereditarunt
1538 2359 1646 2406 pro-

237 2419 506 2476 missiones3
537 2436 688 2483 eoque
722 2420 868 2466 modo
901 2421 1099 2465 invictus
1130 2436 1351 2479 manens,
1388 2436 1471 2482 per
1506 2417 1647 2463 fidem

238 2497 604 2559 patientiamque
643 2498 781 2542 vincit
817 2506 1041 2559 tyrannos
1067 2506 1108 2541 01
1136 2513 1294 2558 regna,
1321 2497 1648 2560 experiturque

239 2573 533 2619 verissimum
559 2591 672 2632 esse,
701 2573 829 2635 quod
856 2573 980 2618 idem
1006 2573 1252 2637 Apostolus
1277 2574 1355 2633 ait,
1382 2574 1531 2636 «quia
1551 2573 1650 2619 dili-

238 2651 454 2712 gentibus
481 2654 632 2697 Deum
654 2652 815 2697 omnia
837 2662 1155 2714 cooperantur
1176 2652 1222 2696 in
1251 2651 1448 2709 bonum,
1473 2651 1543 2696 1115
1567 2650 1647 2712 qui

236 2728 496 2773 secundum
520 2728 815 2792 propositum
841 2729 991 2774 vocati
1013 2738 1120 2774 sunt
1143 2728 1308 2773 sancti.
1340 2747 1361 2770 υ
