1875 2956
725 214 859 248 LIBER
885 212 1083 248 SEXTUS.
1548 216 1592 250 39

200 295 393 350 Insulas,
432 299 674 356 Duacum,
713 301 1039 344 Corteraeum¹
1075 307 1121 342 et
1149 296 1363 358 quaedam
1397 298 1504 357 alia,
1539 301 1597 345 ad

196 386 250 415 ea
293 371 582 419 consolanda
608 385 653 419 et
677 391 757 437 spe
793 375 983 419 meliore
1007 372 1295 431 roboranda,
1323 373 1438 419 abiit
1461 383 1599 436 atque

196 447 426 492 visitavit:
458 449 633 495 eisdem
678 450 749 494 vel
790 464 912 493 nova
955 448 1166 510 praesidia
1201 449 1402 494 militum
1442 451 1600 511 provi-

195 521 328 579 dens,
356 524 427 569 vel
451 535 605 571 vetera
628 525 830 585 adagens
852 524 1172 587 reducensque
1193 525 1447 584 validiora,
1476 527 1602 572 simi-

193 599 296 645 liter
331 601 470 647 etiam
495 619 550 647 ea
570 611 616 647 et
636 617 826 647 annona
848 601 1107 646 necessaria
1129 610 1175 647 et
1197 602 1337 647 armis
1371 611 1600 666 opportu-

194 679 264 723 nis
287 693 341 724 ac
381 678 743 742 propugnaculis
767 678 941 723 faciens
962 679 1264 724 communiri.

257 755 440 811 Quibus
474 756 687 818 peractis,
710 765 755 800 et
778 754 1051 800 confortatis
1073 755 1249 817 ubique
1278 773 1472 802 suorum
1499 759 1600 804 ani-

192 833 295 888 mis,
324 836 494 893 Brugas
520 833 688 876 iterum
711 848 758 875 se
779 831 975 894 recepit,
1011 830 1092 876 ubi
1120 841 1164 877 et
1200 832 1407 878 solemne
1433 832 1600 880 festum

192 908 382 953 Velleris
407 908 539 953 Aurei
562 945 572 966 ,
601 909 744 953 instar
781 908 930 952 soceri
969 909 1063 966 sui,
1099 907 1388 966 celebrat-iffi,
1412 909 1600 957 delectis

190 984 378 1045 collegis
411 984 471 1030 ad
497 1001 702 1047 paucum
727 1001 977 1029 numerum
1010 1001 1063 1030 ex
1085 985 1358 1048 proceribus
1397 996 1440 1031 et
1468 986 1599 1032 nobi-

190 1062 313 1107 litate
347 1071 574 1108 terrarum
613 1077 827 1119 suarum,
856 1078 975 1123 quos
1010 1072 1105 1108 tam
1143 1063 1323 1123 generis
1356 1062 1594 1119 nobilitas,

189 1154 352 1199 quam,
385 1155 470 1201 pro
493 1138 630 1184 rebus
659 1138 840 1184 fortiter
864 1149 909 1183 et
939 1149 1125 1185 strenue
1150 1139 1300 1199 gestis,
1330 1139 1453 1185 fama
1479 1140 1597 1185 cele-

188 1213 316 1258 brior
350 1214 606 1260 attollebat.
638 1215 767 1259 Tales
801 1215 927 1259 enim
946 1252 957 1273 ,
998 1217 1078 1277 qui
1119 1225 1307 1259 caeteros
1332 1216 1501 1260 virtute
1524 1217 1594 1261 vel

188 1292 368 1350 generis
394 1291 599 1336 claritate
624 1292 885 1353 praecellere
920 1293 1258 1348 existimantur,
1293 1301 1338 1335 et
1367 1309 1463 1336 non
1497 1292 1590 1350 alii,

187 1367 247 1412 ad
266 1368 458 1429 hujusce
489 1369 670 1429 insigne
704 1369 935 1413 societatis
955 1369 1203 1429 collegium
1235 1368 1427 1414 adscisci
1445 1380 1490 1415 et
1513 1371 1594 1416 ad-

187 1446 420 1490 numerari
448 1455 808 1489 consueverunt.

249 1522 328 1567 His
369 1531 526 1567 autem
570 1522 799 1584 peractiS,
843 1539 953 1567 cum
995 1522 1162 1568 hiemis
1208 1525 1504 1587 intemperies
1547 1536 1594 1572 et

185 1607 413 1643 terrarum
459 1598 641 1643 illarum
685 1598 820 1644 solita
858 1614 1087 1660 aquarum
1131 1599 1311 1645 illuvies
1350 1601 1591 1663 utriusque

184 1674 326 1735 partis
365 1674 525 1736 copias
568 1689 663 1718 non
703 1684 939 1736 pateretur
978 1675 1024 1719 in
1050 1676 1209 1721 castris
1234 1677 1485 1731 contineri,
1512 1694 1590 1722 rex

185 1748 230 1793 in
254 1750 522 1808 Franciam,
555 1749 615 1794 ad
638 1749 761 1812 ripas
786 1750 975 1811 Ligeris,
1005 1767 1103 1796 sese
1131 1754 1326 1815 recepit,
1358 1753 1591 1816 dispositis

183 1841 267 1887 per
293 1826 440 1871 varias
451 1826 672 1871 stationes
695 1826 788 1870 suis
811 1826 1035 1872 militibus
1057 1827 1103 1872 in
1120 1827 1346 1873 hibernis.
1370 1829 1589 1891 Equibus

185 1900 384 1947 Atrebati
421 1911 466 1946 et
508 1903 731 1959 Tornaci,
778 1912 821 1947 et
863 1903 908 1948 in
950 1904 1083 1949 terris
1128 1904 1377 1951 limitaneis
1417 1923 1587 1968 magna

182 1978 394 2041 praesidia
423 1978 698 2041 dereliquit3
720 1995 880 2025 curam
913 1979 1097 2025 habens
1134 1991 1274 2044 atque
1312 1982 1586 2029 sollicitudi-

183 2071 291 2100 nem
323 2072 418 2100 non
462 2071 654 2118 parvam
697 2056 846 2101 facere
881 2056 939 2101 de
978 2059 1171 2104 Francia
1209 2069 1255 2104 et
1299 2062 1585 2107 Kormannia

182 2132 374 2194 aliisque
407 2130 615 2177 finitimis
654 2133 907 2195 provinciis
945 2133 1112 2179 advehi
1147 2151 1389 2181 annonam
1422 2153 1582 2183 neces-

182 2210 372 2268 sariam,
398 2219 493 2254 tam
522 2225 609 2273 pro
637 2209 802 2254 solatio
827 2211 1219 2271 Tornacensium,
1249 2213 1329 2274 qui
1353 2214 1584 2275 quodam-

184 2288 327 2333 modo
367 2289 493 2333 velut
534 2287 710 2333 obsessi
749 2289 882 2333 terris
927 2299 1066 2351 atque
1111 2291 1296 2354 oppidis
1338 2292 1585 2338 hostilibus

183 2363 505 2425 cingebantur,
526 2381 670 2427 quam
693 2366 834 2410 etiam
862 2366 1151 2429 oppidorum
1173 2369 1357 2414 Artesiae
1371 2404 1382 2424 ‚
1420 2370 1467 2414 in
1491 2385 1583 2431 qua

184 2456 348 2502 magna
396 2458 450 2487 ex
495 2451 625 2506 parte
676 2451 868 2504 propter
921 2460 1194 2505 guerrarum
1244 2446 1581 2492 immanitatem

237 2566 272 2599 1.
305 2565 414 2608 Lille,
437 2566 581 2609 Douai,
602 2566 786 2603 Courtrai.

237 2628 272 2661 ⁴2.
304 2626 479 2663 L'auteur
499 2641 536 2664 se
557 2637 702 2676 trompe
722 2641 786 2664 sur
806 2628 982 2677 l'cpoque
995 2629 1041 2665 cle
1057 2638 1152 2667 cette
1172 2630 1406 2667 ceremonie:
1430 2630 1500 2667 elle
1519 2640 1581 2667 eut

184 2686 256 2722 lieu
276 2687 309 2722 le
329 2689 377 2723 30
397 2688 490 2723 avril
514 2690 627 2724 14278.
