1875 2956
684 189 826 223 LIBER
855 188 1101 223 SEPTtML‘S.
1508 192 1581 226 189

190 274 361 331 noluit,
389 274 460 318 vel
493 274 684 319 minime
718 290 857 319 ausus
887 274 992 331 suit,
1022 289 1207 332 verum,
1235 283 1370 335 pacta
1403 283 1579 336 treuga,

187 365 295 394 cum
330 349 714 411 Burgundionum
747 351 972 395 exercitus
1008 350 1127 395 same
1155 365 1406 411 rerumque
1429 366 1585 397 neces-

186 426 411 471 sariarum
446 427 603 490 inopia
642 443 772 489 paene
800 426 1045 484 deficeret,
1087 427 1284 472 intactos
1318 425 1447 472 abire
1486 443 1587 490 per-

186 501 346 547 misit¹.

651 696 982 740 CAPITULUM
1023 697 1121 738 XV.

522 831 570 862 De
589 828 813 874 eleemosynis
835 828 940 874 ipsius
957 837 988 861 et
1009 828 1256 862 oblationibus.

249 949 337 993 Sed
356 948 579 1013 quoniam
598 947 727 992 multi
744 957 1048 992 assentatores
1066 948 1134 992 sui
1151 947 1412 993 oblationes
1428 959 1473 993 et
1490 965 1587 994 mu-

184 1024 440 1070 nificentias
472 1025 568 1085 ejus
599 1026 644 1069 in
672 1024 922 1069 nonnullas
957 1023 1124 1069 domos
1151 1026 1443 1070 orationum²
1466 1026 1585 1071 mul-

185 1110 282 1145 tum
305 1102 548 1160 extollunt,
577 1102 858 1159 intueamur,
885 1101 919 1145 si
942 1100 1108 1163 placet,
1139 1100 1222 1164 [in]
1243 1112 1468 1164 quantam
1489 1102 1582 1148 lau-

182 1177 289 1223 dem
314 1189 452 1241 atque
471 1178 822 1223 (rstimationem
844 1177 951 1222 duci
973 1187 1255 1223 mereantur.
1282 1180 1368 1224 Eas
1393 1179 1585 1240 quidem

182 1270 290 1298 cum
316 1256 423 1317 ipsis
448 1254 766 1311 laudaremus,
801 1254 834 1297 si
861 1269 914 1298 ex
938 1254 1127 1299 caritate
1164 1263 1209 1299 et
1236 1255 1320 1299 Dei
1345 1270 1505 1300 amore
1529 1255 1585 1301 de

180 1331 372 1392 proprio
393 1330 504 1375 fisco
528 1340 572 1375 et
598 1330 881 1392 patrimonio
906 1344 982 1374 eas
1004 1329 1196 1387 fecisset,
1218 1339 1262 1374 et
1281 1330 1344 1374 sic
1361 1330 1585 1376 virtutum

180 1423 233 1452 ac
262 1408 496 1469 sapientiae
534 1416 791 1451 amatorem
815 1405 1092 1467 justititeque
1134 1405 1334 1450 maxime
1376 1421 1424 1450 se
1459 1406 1586 1452 exhi-

178 1483 354 1528 buisset
374 1484 618 1528 cultorem.
647 1482 737 1527 Sed
759 1498 867 1527 cum
890 1483 1101 1544 pessimis
1125 1481 1336 1527 moribus
1361 1484 1584 1547 omnique

177 1560 406 1622 repletum
441 1559 682 1621 iniquitate
723 1568 862 1619 atque
897 1558 1017 1603 dolis
1055 1574 1101 1604 se
1147 1558 1424 1617 ostenderit,
1468 1577 1585 1622 quo-

178 1636 322 1681 modo
357 1636 484 1699 apud
525 1638 677 1681 Deum
715 1634 977 1680 oblationes
1014 1635 1116 1680 talis
1150 1635 1234 1679 viri
1276 1635 1584 1698 acceptabiles

176 1730 273 1759 esse
298 1722 577 1775 potuerunt,
614 1728 722 1757 cum
754 1713 944 1775 Sapiens
974 1712 1022 1755 in
1052 1712 1144 1756 suis
1178 1711 1438 1756 Proverbiis
1472 1712 1583 1759 dicit

177 1790 332 1851 quod,
373 1809 395 1830 ε(
424 1790 617 1834 victimae
655 1789 908 1851 impiorum
943 1787 1285 1833 abominabiles
1322 1798 1430 1832 sunt
1456 1790 1581 1851 apud

178 1870 353 1925 Deum,
384 1875 492 1912 vota
507 1867 737 1927 justorum
766 1865 1037 1928 placabilia,
1070 1884 1091 1906 υ
1119 1875 1164 1910 et
1187 1865 1233 1909 in
1261 1865 1579 1910 Ecclesiastico

177 1946 401 2007 scriptum
433 1945 490 1989 sit
513 1944 642 2006 quod
669 1963 689 1986 «
719 1943 846 1988 dona
876 1943 1148 2005 iniquorum
1174 1959 1270 1987 non
1295 1941 1463 2004 probat
1483 1945 1580 1986 Do-

177 2022 354 2077 minus,
389 2038 474 2066 nec
506 2021 692 2083 respicit
721 2021 767 2064 in
799 2019 1061 2064 oblationes
1092 2018 1391 2079 iniquoi⁴um3
1418 2037 1441 2061 >J
1478 2035 1579 2062 rur-

176 2112 278 2139 sum
314 2111 422 2139 cum
460 2095 683 2157 scriptum
720 2095 806 2138 sit:
856 2112 877 2135 ‹<
908 2095 1099 2137 Honora
1138 2091 1389 2136 dominum
1428 2094 1578 2137 Deum

178 2180 308 2214 tuum
332 2170 389 2214 tle
413 2179 492 2215 tua
511 2168 785 2226 substantia,
808 2177 851 2213 et
874 2167 932 2212 de
954 2167 1166 2229 primitiis
1189 2166 1372 2227 frugum
1393 2176 1576 2212 tuarum

176 2247 235 2293 da
252 2247 569 2310 pauperibus?
589 2266 610 2289 >z
638 2246 808 2301 Quales
831 2246 1135 2306 eleemosynae
1159 2253 1204 2289 et
1227 2242 1506 2300 oblationes,
1534 2254 1576 2288 et

175 2340 313 2385 quam
346 2324 589 2369 meritoriae
613 2340 709 2368 esse
733 2331 987 2385 potuerunt
1016 2323 1207 2382 Deoque
1242 2318 1572 2382 acceptabiles,

176 2414 276 2459 quae
311 2414 404 2443 non
448 2397 637 2443 aliunde
674 2412 816 2458 quam
851 2396 908 2440 de
950 2394 1146 2457 rapinis,
1187 2391 1574 2439 concussionibus

177 2473 510 2536 calumniisque
546 2483 590 2519 et
629 2473 853 2534 sanguine
891 2486 1149 2534 pauperum
1186 2469 1313 2515 sactae
1343 2485 1426 2531 per
1464 2484 1571 2513 eum

233 2606 267 2637 1.
301 2603 392 2650 Voy.
417 2610 443 2640 t.
467 2604 521 2646 ΙΙ,
544 2615 581 2651 p.
605 2603 693 2637 27⁴3.

231 2664 267 2698 12.
299 2664 369 2699 Ms.
391 2664 609 2700 arationum.
