1875 2956
692 191 831 225 LIBER
860 190 1057 225 SEXTUS.
1501 188 1574 222 105

179 278 330 324 tannis
368 293 587 338 magnam
624 275 972 322 multitudinem
1011 275 1057 318 in
1099 272 1192 318 suis
1230 270 1438 331 saginare
1478 287 1575 332 pas-

178 353 331 398 cuosis
365 362 410 398 et
440 351 724 416 palustribus
757 351 887 397 locis.
916 348 1116 395 Aiebant
1144 344 1374 391 abductos
1410 344 1571 403 fuisse,

176 439 339 493 praeter
358 431 447 475 alia
470 430 616 475 multa
639 446 740 491 quae
770 429 817 473 in
841 426 1047 490 praedam
1081 423 1289 470 similiter
1309 430 1572 478 cesserunt,

176 522 315 569 super
348 506 472 551 mille
504 515 548 551 et
583 506 810 550 ducentos
832 501 1008 559 boves,
1042 500 1121 561 qui
1139 499 1236 560 jam
1261 497 1322 543 ad
1342 496 1578 542 deducen-

177 582 290 627 dum
327 582 386 628 ad
432 582 667 627 nundinas
694 575 1064 642 liujusce[modi]
1094 585 1412 622 armentorum
1431 611 1442 632 ,
1477 590 1578 636 quae

177 659 340 704 iisdem
370 658 660 722 temporibus
685 655 907 702 celebrari
933 655 1085 700 solent
1108 654 1155 698 in
1179 653 1412 716 plerisque
1434 651 1574 707 locis,

177 737 344 782 maturi
372 746 509 797 atque
535 735 683 798 parati
703 743 849 779 erant.

241 813 331 857 Sed
367 810 691 874 hujuscemodi
728 809 989 856 calamitate
1029 808 1132 852 licet
1176 806 1375 868 graviter
1411 804 1575 861 attriti,

178 889 324 934 nihilo
348 898 500 934 tamen
526 885 720 951 [minus]
746 886 1041 947 magistratus
1074 883 1234 947 oppidi
1265 899 1345 928 seu
1368 881 1580 927 factionis

178 964 319 1010 duces
347 964 538 1010 emolliti
574 974 706 1021 sunt,
748 963 829 1008 sed
863 977 1045 1024 semper
1084 960 1230 1022 magis
1269 975 1323 1005 ac
1359 958 1505 1019 magis
1533 958 1579 1002 in

178 1039 478 1086 acerbitatem
511 1040 606 1085 odii
643 1050 782 1101 atque
813 1038 1160 1084 inimicitiarum
1189 1038 1234 1081 in
1266 1051 1402 1081 suum
1424 1035 1581 1098 ponti-

179 1118 315 1163 ficem
353 1128 398 1163 et
434 1127 670 1181 pastorem
712 1124 1011 1171 exarserunt,
1041 1115 1146 1159 licet
1186 1130 1272 1158 nec
1309 1113 1474 1170 ullam,
1513 1112 1579 1156 vel

179 1195 422 1240 minimam
449 1194 773 1255 hujuscemodi
807 1192 902 1238 odii
939 1191 1232 1255 probabilem
1255 1191 1363 1235 satis
1395 1205 1580 1234 cansam

179 1271 333 1317 dicere
360 1272 431 1316 vel
455 1271 718 1334 approbare
743 1270 1028 1333 potuissent3
1056 1284 1164 1314 cum
1188 1267 1397 1329 profecto
1417 1265 1584 1326 justius

178 1364 233 1393 ac
274 1349 426 1393 verius
467 1358 511 1392 et
549 1348 607 1393 de
646 1347 755 1410 ipsis
794 1344 1163 1406 Trajectensibus
1208 1343 1334 1387 idem
1375 1341 1583 1404 pontifex

179 1424 333 1469 dicere
361 1433 544 1487 poterat
576 1423 705 1486 quod
739 1422 797 1467 de
831 1422 996 1482 iniquo
1021 1420 1289 1465 Judaeorum
1320 1420 1366 1463 in
1400 1435 1447 1463 se
1473 1419 1584 1463 odio

178 1499 388 1545 Salvator
409 1510 566 1545 noster
590 1498 732 1557 dixit,
761 1497 1162 1559 quemadmodum
1183 1497 1231 1541 in
1251 1495 1493 1557 evangelio
1514 1498 1585 1540 Jo-

177 1575 347 1622 hannis
368 1577 585 1638 legimus:
615 1596 635 1617 c<
661 1575 784 1620 Odio
806 1576 969 1637 iniquo
989 1574 1259 1620 habuerunt
1279 1590 1353 1619 me
1379 1573 1539 1634 gratis;
1561 1592 1582 1614 υ

179 1663 223 1698 et
241 1653 368 1714 quod
392 1655 440 1699 in
463 1653 644 1717 psalmo
665 1653 723 1698 de
743 1669 799 1698 eo
818 1661 1032 1698 cantatur
1050 1669 1058 1695 :
1083 1671 1104 1694 «
1124 1651 1246 1706 Quia
1265 1647 1587 1695 retribuebant

182 1730 294 1775 mihi
325 1730 448 1775 mala
471 1746 557 1792 pro
581 1729 748 1786 bonis3
782 1751 801 1770 υ
829 1739 873 1774 et
896 1729 1099 1791 plurima
1121 1725 1465 1789 hujuscemodi.

245 1809 554 1851 procurrente
598 1816 753 1852 autem
801 1803 1129 1867 hujuscemodi
1176 1802 1398 1849 odiorum
1448 1812 1587 1863 atque

181 1884 529 1929 inimicitiarum
559 1882 687 1928 rabie
721 1898 774 1928 ac
802 1881 982 1937 surore,
1019 1880 1101 1925 diu
1133 1879 1292 1924 civitas
1324 1878 1586 1939 Trajecten-

183 1962 332 2020 sium,
376 1959 463 2006 sub
512 1959 692 2005 caristia
739 1973 938 2003 annona?
986 1956 1390 2020 plurimarumque
1431 1971 1586 1999 rerum

181 2038 392 2084 humano
424 2037 528 2082 usui
562 2036 924 2082 necessariarum
963 2034 1182 2080 atrociter
1215 2043 1428 2094 gravata,
1461 2032 1587 2077 elan-

185 2116 303 2176 guit,
329 2124 374 2159 et
400 2114 520 2159 fame
544 2124 616 2172 et,
646 2129 748 2174 quae
777 2112 886 2157 inde
919 2111 1045 2156 nasci
1069 2110 1249 2167 solent,
1273 2110 1413 2155 variis
1436 2108 1589 2154 homi-

187 2208 298 2236 num
324 2190 579 2250 mortibus,
608 2188 785 2235 morbis
808 2198 947 2250 atque
973 2185 1327 2248 {egritudinibus
1361 2185 1583 2232 extabuit.

186 2272 251 2314 Ita
274 2269 401 2313 enim
438 2267 634 2313 invaluit
667 2266 832 2324 fames,
868 2264 930 2310 ob
968 2265 1200 2311 caristiam
1238 2263 1510 2308 victualium
1545 2271 1583 2306 et

186 2346 478 2408 pauperiem,
503 2360 646 2406 quam
665 2342 792 2407 apud
808 2343 1035 2404 majorem
1051 2341 1216 2404 populi
1240 2339 1586 2385 multitudinem

188 2422 315 2467 furor
354 2422 548 2467 bellicus
585 2422 881 2484 importarat,
923 2429 973 2464 ut
1014 2418 1191 2480 ubique
1234 2433 1318 2480 per
1369 2417 1495 2461 vicos
1546 2424 1588 2459 et

190 2498 362 2559 plateas
390 2499 475 2543 viri
507 2514 560 2543 ac
595 2498 834 2555 mulieres,
860 2495 940 2542 sed
963 2496 1140 2556 majore
1165 2510 1363 2539 numero
1385 2492 1515 2555 pueri
1546 2500 1586 2536 et

193 2573 410 2632 infantes,
434 2575 557 2618 velut
581 2574 861 2618 simulachra
885 2589 966 2617 seu
995 2581 1291 2616 mortuorum
1319 2568 1497 2613 umbrae
1518 2584 1591 2612 su-

191 2665 273 2710 per
297 2658 465 2694 terram
488 2648 780 2694 ambulantes
797 2649 953 2712 potius
973 2657 1263 2710 putarentur.
