1875 2956
253 286 325 320 5302
576 284 845 330 APOLOGIA,
875 285 1019 319 LIBER
1047 286 1309 322 SECUNDUS.

250 375 379 436 pium
404 373 704 418 indultorem.
734 375 849 417 Nam
871 388 1022 432 neque
1046 387 1149 430 nos,
1179 381 1227 415 ut
1250 372 1296 416 in
1320 373 1513 418 exordio
1538 372 1648 418 dixi-

250 466 377 508 mus,
413 466 469 494 eo
493 449 738 509 largiente,
767 464 976 510 unquam
1012 449 1074 493 ita
1106 448 1338 493 temerarii
1374 450 1544 495 erimus
1576 458 1643 503 ut,

248 524 651 588 quemadmodum
674 524 720 569 in
744 524 844 569 aliis
867 524 1040 583 multis,
1067 525 1127 569 ita
1149 534 1195 569 et
1218 525 1264 569 in
1295 524 1368 569 his
1397 524 1455 569 de
1478 525 1647 587 quihus

247 603 504 659 retulimus,
543 618 629 646 nos
665 601 780 647 nihil
815 616 989 646 errasse
1013 617 1094 646 seu
1118 601 1365 663 deliquisse
1395 600 1547 647 dicere
1569 612 1647 648 aut

242 682 415 743 jactare
439 696 788 743 praesumamus.
818 678 909 724 Sed
932 677 1024 723 hoc
1047 678 1318 724 consolatur
1341 694 1427 723 nos
1451 678 1649 724 maxime

247 757 375 821 quod
398 757 608 802 Salvator
636 765 793 801 noster
832 755 956 800 venit
987 755 1034 799 in
1065 754 1190 800 hunc
1223 754 1455 800 mundum
1483 770 1650 800 vocare

247 851 343 880 non
359 833 525 896 justOS,
552 832 632 878 sed
656 841 942 895 peccatores,
971 847 1269 893 quaerereque
1301 841 1346 876 et
1376 831 1555 876 salvum
1586 831 1651 877 fa-

247 927 350 956 cere
369 909 497 971 quod
517 909 732 972 perierat.
763 908 904 964 Quod
928 908 1091 954 beatus
1111 908 1278 954 Paulus
1299 907 1494 971 pulchre
1521 923 1652 953 com-

247 989 493 1043 mendans,
520 988 579 1034 ad
609 1006 740 1052 spem
764 988 1031 1034 obtinendae
1057 988 1203 1033 veniae
1239 997 1283 1032 et
1311 986 1654 1050 propitiationis

247 1065 455 1112 dandam
483 1064 809 1128 peccatoribus
838 1082 847 1108 :
883 1085 902 1107 α
929 1063 1098 1109 Fidelis
1126 1083 1146 1106 »
1184 1064 1336 1125 inquit
1375 1083 1395 1106 κ
1426 1079 1578 1108 sermo
1610 1073 1656 1109 et

248 1143 378 1188 omni
403 1142 674 1204 acceptione
709 1141 895 1202 dignus,
929 1141 1039 1203 quia
1071 1143 1199 1186 Jesus
1228 1140 1435 1185 Christus
1456 1140 1583 1185 venit
1607 1141 1654 1186 in

247 1220 375 1265 hunc
411 1219 644 1265 mundum
677 1229 946 1282 peccatores
986 1218 1136 1263 salvos
1181 1217 1358 1272 facere3
1395 1236 1416 1259 »
1453 1233 1656 1279 quorum

248 1297 388 1342 etiam
411 1313 459 1341 se
486 1296 693 1359 primum
721 1295 852 1341 fateri
876 1312 972 1340 non
997 1294 1243 1341 erubescit.
1282 1297 1333 1338 Et
1358 1293 1417 1339 ad
1441 1293 1655 1340 eamdem

249 1391 379 1437 spem
423 1374 631 1419 similiter
670 1373 832 1419 beatus
868 1373 1105 1418 Johannes
1143 1387 1443 1434 promovens,
1487 1371 1535 1415 in
1575 1388 1656 1418 sua

250 1453 401 1514 prima
420 1451 649 1498 canonica
671 1451 734 1496 ait
759 1469 767 1495 :
800 1470 818 1492 α
843 1450 990 1495 Filioli
1011 1450 1104 1494 mei
1127 1469 1147 1491 2>
1172 1448 1323 1510 inquit
1347 1467 1368 1491 «
1394 1448 1487 1493 hoc
1504 1447 1656 1494 scribo

252 1528 403 1586 vobis,
432 1539 482 1574 ut
504 1545 601 1573 non
623 1528 840 1590 peccetis.
871 1526 963 1572 Sed
989 1536 1033 1571 et
1063 1527 1099 1571 si
1129 1527 1233 1588 quis
1264 1525 1546 1588 peccaverit,
1576 1525 1657 1571 ad-

252 1614 472 1650 vocatum
501 1604 732 1649 habemus
758 1603 884 1666 apud
914 1613 1095 1665 patrem
1125 1606 1281 1647 Jesum
1305 1601 1539 1646 Christum
1562 1603 1657 1663 jus-

254 1693 370 1741 tum,
407 1692 451 1727 et
479 1682 576 1744 ipse
601 1689 667 1726 est
696 1681 966 1743 propitiatio
989 1696 1075 1743 pro
1109 1679 1308 1742 peccatis
1333 1679 1525 1734 nostris3
1560 1696 1656 1725 non

254 1776 338 1823 pro
373 1753 542 1804 nostris
565 1766 722 1804 autem
746 1766 945 1814 tantuin,
981 1756 1061 1799 sed
1091 1756 1230 1800 etiam
1257 1756 1396 1799 totius
1417 1755 1598 1799 mundi.
1634 1774 1655 1798 »

255 1840 409 1892 Quam
442 1845 492 1881 ut
518 1834 577 1881 al)
611 1834 708 1896 ejus
732 1833 935 1896 piissima
960 1831 1278 1876 misericordia
1309 1831 1490 1893 assequi
1521 1841 1564 1877 et
1595 1832 1660 1877 di-

256 1931 372 1976 gnos
413 1929 547 1976 agere
593 1910 875 1974 poenitentiae
916 1909 1106 1967 fructus,
1137 1907 1250 1952 dum
1289 1906 1443 1952 adhuc
1484 1908 1528 1953 in
1567 1907 1660 1954 hoc

257 1990 441 2035 mortali
470 1988 821 2052 peregrinamur
855 2001 1070 2049 corpore,
1108 1984 1366 2043 valeamus,
1396 1985 1492 2048 ipse
1524 1983 1661 2030 nobis

256 2069 509 2113 clementer
536 2063 740 2110 tribuere
768 2073 811 2108 et
844 2063 998 2123 largiri
1024 2061 1259 2122 dignetur,
1290 2061 1369 2122 qui
1392 2077 1500 2106 cum
1529 2064 1660 2106 Patre

257 2154 299 2189 et
328 2144 498 2207 Spiritu
531 2144 703 2187 Sancto
727 2140 839 2185 vivit
868 2148 911 2185 et
945 2147 1106 2200 regnat
1140 2140 1264 2183 Deus
1299 2154 1420 2182 unus
1444 2146 1656 2195 aeternus,

259 2221 488 2266 Dominus
509 2228 666 2264 noster
685 2220 815 2262 Jesus
835 2216 1061 2261 Christus.
1086 2219 1247 2260 Amen.

502 2354 631 2376 Ent'rUS
657 2353 721 2375 Hm
750 2351 1022 2375 APOLOGETICUS
1051 2349 1226 2374 LIBELLUS
1255 2349 1320 2371 PER
1349 2348 1414 2372 NOS

557 2414 734 2447 mimum,
761 2413 1072 2436 ARCHIEPISCOPUM
1102 2411 1363 2441 CAESARIENSEM,

600 2476 639 2498 IN
661 2476 755 2498 151³.ssss
777 2474 1019 2504 TREVERENSI,
1041 2474 1085 2496 ET
1106 2473 1316 2496 COMPLETUS

626 2537 814 2566 POSTQUAM
829 2535 1057 2558 REDIERAMUS
1078 2536 1124 2557 AD
1144 2535 1293 2557 rurum-:M

664 2600 785 2622 traam
816 2600 862 2621 DF.
890 2598 983 2620 [RBE
1012 2598 1132 2628 ROMA,
1164 2596 1261 2619 ANNO

707 2661 894 2684 DOMINICAE
930 2658 1214 2682 INCARNAUONIS

808 2712 1116 2736 MCCCCLxxv.

833 2776 903 2799 DEO
921 2773 1085 2797 GRATIAS.
