1875 2956
260 267 334 301 150
623 263 959 300 HISTORIARUM
989 263 1220 298 LUDOVICI
1249 265 1302 299 XI

259 354 464 398 accessit.
499 353 744 398 inveniens
773 359 929 396 autern
953 348 1150 394 ducern¹
1177 359 1221 394 et
1244 349 1543 397 domicellum
1567 354 1658 397 En-

260 431 553 492 ghelbertum
585 429 643 474 de
670 428 836 487 clivis,
870 427 1056 472 fratrem
1095 428 1276 484 suum’,
1311 444 1450 490 quein
1474 432 1660 492 tyranni

259 509 454 553 civitatis
488 508 534 552 in
565 523 702 551 suum
730 504 857 550 velut
876 504 1123 550 dominum
1148 505 1419 551 invexerant
1444 507 1662 554 adversus

260 602 395 630 suum
418 583 708 647 pontificem,
731 599 909 646 pronos
931 592 975 627 et
999 581 1153 628 faciles
1175 581 1235 628 ad
1258 582 1306 627 id
1327 583 1457 645 quod
1477 584 1662 631 affecta-

259 660 707 723 bat1‘1e1·ficiendum,
722 659 939 705 eumdem
955 658 1256 705 domicellum
1275 695 1285 716 ,
1309 660 1510 722 acceptis
1529 661 1663 722 quin-

261 738 407 798 gentis
448 747 527 782 aut
562 738 788 782 sexcentis
824 737 1050 791 rutheris,
1093 753 1117 781 e
1153 735 1324 799 quibus
1347 737 1503 800 plures
1534 747 1665 784 erant

261 814 364 876 qui,
394 813 578 859 &ritate
608 814 767 875 ejecti,
799 813 887 859 snb
918 813 1086 858 eodem
1110 813 1362 860 domicello
1390 823 1435 859 et
1460 816 1666 876 tyrannis

262 890 459 935 civitatis
482 890 574 935 illic
600 906 687 953 pro
711 891 926 954 praesidio
952 891 1167 936 collocati
1192 890 1391 950 fuerant,
1417 890 1666 936 Amersfor-

262 968 388 1013 diam
420 967 631 1012 adduxit.
672 970 779 1024 Quo
803 968 851 1012 in
873 967 980 1013 loco
1003 984 1087 1030 per
1118 968 1296 1030 aliquot
1327 967 1424 1013 dies
1450 984 1665 1031 repausa-

262 1046 349 1105 vit,
391 1045 637 1108 explorans
677 1061 761 1108 per
796 1044 1078 1107 transfugas,
1116 1045 1197 1108 qui
1232 1044 1516 1108 implacabili
1557 1044 1667 1091 odio

263 1139 400 1167 suum
435 1121 677 1167 habebant
703 1122 1003 1185 episcopum,
1042 1121 1192 1184 qualis
1225 1122 1317 1167 illic
1351 1122 1552 1167 militum
1588 1139 1667 1169 seu

264 1199 566 1244 rutherorum
589 1215 774 1256 manus,
801 1199 951 1261 qualis
968 1199 1015 1244 in
1037 1199 1182 1244 muris
1200 1209 1246 1244 et
1264 1199 1411 1263 portis
1430 1198 1665 1259 custodia,

266 1277 518 1340 qualesque
542 1287 790 1339 agerentur
813 1287 1053 1322 nocturnae
1076 1276 1256 1337 vigiliae.

335 1354 387 1395 Et
422 1352 665 1414 praefatum
696 1353 889 1415 quidem
920 1352 1287 1415 Enghelbertum
1317 1370 1426 1399 cum
1449 1353 1671 1417 praedicto

269 1429 470 1473 Henrico
515 1429 574 1474 de
612 1429 829 1475 Nfeuelde
867 1440 913 1475 et
946 1446 1032 1488 ea,
1074 1446 1217 1493 quam
1259 1430 1488 1490 diximus,
1528 1446 1671 1476 manu

271 1505 629 1551 Amersl'ordiam
660 1506 934 1551 adventasse
967 1522 1064 1551 non
1097 1507 1329 1566 ignoravit
1366 1507 1470 1569 pius
1517 1507 1672 1569 ponti-

271 1583 367 1640 sex3
408 1583 533 1628 unde
574 1583 771 1629 adscivit
805 1584 987 1629 circiter
1026 1583 1240 1628 rutheros
1282 1583 1537 1642 ducentos,
1577 1600 1671 1646 quo

270 1659 429 1704 civitas
461 1660 603 1704 tutior
628 1659 914 1705 redderetur.
949 1663 1003 1704 Et
1034 1676 1088 1705 ea
1120 1660 1278 1721 utique
1306 1675 1471 1704 manus
1506 1659 1566 1704 ad
1599 1669 1672 1705 tu-

204 1792 206 1795 ,
272 1735 463 1781 tantiam
497 1736 732 1781 civitatem
763 1736 974 1782 sufficere
1009 1738 1262 1800 potuisset,
1294 1737 1330 1781 si
1362 1737 1676 1782 communita³

273 1822 317 1857 et
343 1828 425 1874 per
449 1828 614 1857 omnes
637 1812 790 1858 aditus
813 1813 966 1876 platea
988 1813 1209 1872 civitatis,
1236 1828 1339 1875 quae
1360 1822 1427 1857 est
1451 1821 1559 1858 ante
1591 1811 1675 1857 do-

276 1907 405 1934 mum
442 1890 710 1935 consulatus
732 1927 743 1949 ,
776 1891 929 1936 cincta
960 1890 1117 1936 suisset
1146 1889 1376 1953 repagulis
1413 1899 1457 1934 et
1491 1905 1678 1952 serpen-

274 1967 381 2011 tinis
399 2004 409 2022 ,
436 1978 576 2029 prout
605 1983 709 2013 eam
731 1968 897 2030 sapius
918 1967 1104 2029 tyranni
1121 2005 1131 2024 ,
1159 1967 1391 2012 anteriore
1415 1983 1505 2011 suaz
1525 1977 1678 2028 tyran-

276 2043 397 2088 nidis
430 2053 667 2107 tempore,
700 2045 966 2090 munierant
983 2081 995 2104 ,
1025 2045 1097 2090 vel
1122 2044 1262 2089 etiam
1286 2043 1446 2105 vigiles
1466 2052 1611 2087 noctu
1628 2043 1675 2087 in

277 2121 532 2181 moenibus,
577 2122 783 2167 turribus
826 2132 870 2167 et
901 2122 1047 2186 portis
1088 2136 1286 2166 numero
1321 2118 1566 2165 sufficienti
1600 2137 1678 2166 ex-

277 2199 511 2242 stitissent.
541 2198 654 2256 Sed,
687 2199 832 2258 heus,
873 2199 994 2262 proh
1032 2197 1191 2244 dolor!
1232 2213 1318 2242 neo
1361 2195 1485 2242 dicta
1527 2197 1678 2260 platea

279 2273 562 2319 sufficienter
597 2275 710 2321 fulta
734 2275 949 2338 pracsidio
968 2312 979 2334 ,
1010 2291 1094 2319 nec
1120 2275 1168 2319 in
1196 2273 1363 2329 muris,
1395 2289 1475 2318 scu
1500 2275 1678 2319 incuria

279 2362 323 2397 et
354 2352 633 2414 negligentia
665 2353 838 2398 civium
872 2353 951 2413 qui
976 2352 1114 2396 nimis
1138 2360 1308 2395 temere
1339 2361 1383 2395 ct
1409 2351 1522 2396 falso
1546 2368 1677 2397 secu-

278 2431 460 2475 ritatem
496 2428 583 2474 sibi
614 2430 661 2473 in
695 2429 763 2473 sui
792 2428 1026 2491 pontificis
1047 2429 1287 2491 praesentia
1311 2428 1674 2491 promittebant,

279 2525 357 2551 seu
397 2505 752 2567 malignantium
792 2505 973 2564 fraude,
1012 2521 1213 2566 quorum
1253 2505 1407 2550 adhuc
1437 2505 1592 2567 plures
1631 2505 1677 2550 in

331 2621 366 2654 1.
400 2622 492 2654 joan
514 2620 549 2653 II
571 2616 617 2653 de
637 2617 782 2654 Cleuas.

332 2684 369 2715 τὲ.
405 2679 597 2715 manha-ns
618 2681 721 2714 ducis
738 2680 908 2726 fratrem.

334 2745 352 2757 fl

338 2762 368 2778 .·.
401 2745 466 2779 354·
487 2742 704 2787 J·l;1itliaeu1s;
726 2743 793 2775 sed
810 2754 888 2775 cum
910 2745 1052 2775 mnnita
1074 2749 1111 2775 et
1129 2739 1220 2776 dans
1239 2739 1272 2776 le
1293 2753 1363 2778 ωε.
