1875 2956
221 234 295 268 344
786 232 1053 275 APOLOC-1A‚

220 320 284 364 uti
307 336 440 365 casus
471 332 625 365 noster
650 318 835 376 exstitit,
862 316 943 362 sed
967 317 1106 361 etiam
1136 330 1483 379 persecutorum
1507 337 1617 366 suo-

217 413 322 442 rum
353 397 524 442 minaci
557 404 783 458 potestate
811 393 1081 456 compulsos
1106 393 1200 437 sive
1229 397 1492 455 exterritos,
1519 397 1619 442 abs-

216 489 307 535 que
345 473 469 534 justa
512 471 876 535 reprehensione
919 469 991 514 xel
1033 469 1294 515 ofsensione
1337 472 1457 518 licite
1484 490 1618 536 posse

213 550 345 595 sedes
383 559 427 594 et
464 548 624 612 plebes
657 564 762 593 suas
805 547 1043 604 deserere,
1083 557 1127 591 et
1160 549 1536 609 persequentium
1572 568 1619 596 se

214 626 551 671 malevolentiae
573 624 870 683 subtrahere,
894 640 949 669 ac
970 634 1068 669 tuta
1096 623 1289 670 latibula
1311 625 1616 687 exquirendo,

212 702 431 747 szevitiam
452 717 617 747 eorum
641 713 780 763 atque
806 701 1013 746 furorem
1037 701 1289 760 declinare,
1317 701 1397 746 ubi
1419 702 1533 758 sola,
1554 705 1618 749 uti

212 794 331 840 saepe
354 776 573 835 diximus,
603 779 800 841 pastoris
823 793 1023 841 persona
1044 777 1367 840 persequenda
1382 780 1616 839 quaeritur,

213 863 256 898 et
282 869 363 915 per
389 852 505 898 alios
537 855 775 899 ministros
803 854 1000 898 idoneos
1023 853 1209 898 interim
1238 854 1442 899 ecclesiae
1462 864 1507 900 et
1525 856 1621 918 ple·

217 929 349 974 bium
375 929 511 974 saluti
543 930 847 975 ministratur.
879 932 993 985 Quae
1023 930 1059 975 si
1093 929 1246 976 forsan
1281 931 1502 992 cuiquam
1538 933 1622 977 mi-

215 1006 340 1050 nime
380 1006 676 1063 suffecerint,
715 1007 907 1051 stultum
939 1015 984 1050 et
1020 1006 1319 1053 temerarium
1342 1006 1624 1053 arbitramur

212 1093 377 1128 contra
403 1083 729 1145 hujuscemodi
754 1083 1059 1146 pertinaciam
1086 1084 1203 1129 velle
1224 1084 1415 1130 ulterius
1432 1095 1624 1131 conten-

213 1158 341 1218 dere,
368 1169 413 1205 et
437 1159 497 1205 ad
519 1160 893 1222 patefaciendam
912 1159 1331 1206 luculentissimam
1351 1171 1395 1206 et
1411 1161 1624 1208 manifes-

214 1235 440 1280 tissimam
467 1237 711 1282 veritatem
736 1236 942 1282 rationes
974 1252 1030 1281 ac
1053 1245 1189 1282 testes
1223 1237 1339 1283 alios
1371 1238 1620 1298 adducere,

213 1329 344 1373 curn,
377 1314 544 1377 procul
573 1314 748 1373 dubio,
780 1332 882 1377 quae
921 1324 1231 1360 annectentur
1256 1316 1363 1362 satis
1394 1333 1624 1379 superque

214 1390 321 1435 satis
363 1389 649 1453 abundeque
685 1392 865 1437 cunctis
899 1392 1067 1437 merito
1110 1393 1291 1455 possint
1336 1403 1382 1439 et
1421 1393 1624 1441 debeant

215 1464 465 1511 sufficere&

622 1639 961 1683 CAPITULUM
999 1641 1203 1684 XXVIII.

577 1756 706 1789 Iterum
741 1757 807 1790 alia
840 1757 1035 1791 testimonia
1067 1758 1110 1791 ad
1141 1758 1244 1792 idem.

282 1865 396 1907 Item
423 1878 563 1926 super
583 1862 699 1908 illud
723 1863 952 1910 Johannis
982 1867 1060 1910 1V⁰
1090 1882 1098 1909 :
1136 1885 1155 1906 (ε
1187 1867 1244 1910 Ut
1268 1881 1379 1927 ergo
1404 1867 1626 1928 cognovit

215 1942 345 1984 Jesus
372 1939 482 2000 quia
505 1940 756 1985 audierunt
782 1941 994 1987 Phariszei
1029 1943 1137 2003 quia
1159 1945 1287 1987 Jesus
1312 1943 1467 2005 plures
1490 1943 1625 1989 disci-

215 2015 352 2078 pulos
385 2015 493 2061 facit
522 2025 567 2061 et
604 2015 808 2080 baptizat
834 2034 975 2080 quam
1001 2019 1266 2077 Johannes,
1302 2029 1411 2077 etc.,
1442 2020 1623 2082 reliquit

215 2094 423 2140 Judaeam
462 2106 505 2141 et
539 2096 651 2143 abiit
691 2098 861 2144 iterum
895 2099 941 2143 in
979 2099 1247 2158 Galilaeam,
1281 2117 1302 2142 »
1334 2099 1443 2144 dicit
1483 2100 1625 2162 Chry-

215 2181 471 2232 sostomus,
510 2183 597 2219 etc.
621 2177 634 2198 ²

279 2246 358 2290 His
384 2256 523 2309 atque
549 2249 648 2293 aliis
674 2248 1000 2296 consimilibus
1025 2250 1329 2308 testimoniis,
1368 2267 1392 2294 e
1421 2266 1624 2311 quorum

215 2323 454 2368 nonnullis
478 2341 588 2369 usus
610 2335 678 2369 est
700 2325 865 2371 beatus
883 2327 1173 2383 Athanasius,
1201 2327 1248 2371 in
1272 2326 1402 2371 libris
1425 2344 1544 2389 quos
1567 2327 1625 2372 de

267 2459 302 2494 1.
335 2460 405 2494 Les
418 2458 591 2495 citations
612 2459 677 2508 qui
696 2460 846 2497 suivent
867 2470 950 2498 sont
970 2462 1211 2511 enipruntces
1234 2464 1253 2498 ὲι
1275 2462 1371 2498 saint
1396 2465 1489 2499 Jean
1509 2463 1628 2512 Chry-

208 2527 392 2567 sostome,
415 2519 510 2556 saint
540 2522 739 2571 Augusfin,
765 2523 861 2558 saint
892 2523 1059 2568 Jeroine,
1087 2523 1183 2560 saint
1206 2524 1361 2571 Ililaire,
1401 2524 1624 2575 Theophile‚

211 2581 311 2618 Bcde
328 2591 363 2618 ct
378 2583 526 2621 Nicolas
546 2584 592 2621 de
613 2584 714 2623 Lire.
728 2588 842 2622 Jeme
863 2586 938 2622 suis
952 2587 1130 2636 explique
1151 2587 1243 2623 (lans
1263 2587 1298 2623 la
1318 2587 1441 2623 notice
1461 2588 1627 2637 prelimi-

209 2642 315 2679 naire
334 2645 550 2693 (ci-densus,
574 2661 608 2697 p.
637 2649 728 2693 211)
747 2660 811 2684 sur
833 2648 868 2685 la
886 2648 1011 2685 raison
1031 2650 1094 2698 qui
1112 2661 1172 2686 me
1190 2649 1244 2685 los
1263 2662 1284 2685 a
1308 2649 1371 2685 fait
1395 2649 1623 2699 supprimer.

261 2707 297 2742 Ξ.
332 2708 581 2758 Suppression
601 2708 666 2746 des
681 2710 851 2747 citations
866 2739 874 2756 ‚
892 2724 1039 2747 comme
1060 2711 1152 2748 dans
1168 2711 1203 2749 le
1217 2711 1386 2763 chapitre
1403 2711 1619 2762 precedent.
