1875 2956
735 205 810 240 LIB
818 205 879 239 ER
922 202 1123 239 SEXTUS.
1587 204 1633 237 23

305 296 535 337 Ducatum
549 292 723 355 quippe
739 290 1029 351 Burgundiae,
1050 305 1156 334 cum
1177 286 1475 332 comitatibus
1489 289 1640 333 Matis-

237 369 426 414 conensi
455 378 497 412 et
526 368 924 425 Autissiodorensi,
950 366 1047 427 jam
1072 366 1118 409 in
1142 363 1430 408 deditionem
1454 378 1641 425 recepe-

238 455 307 491 rat
323 447 350 489 ¹.
379 446 443 495 Ad
467 461 582 507 quas
606 454 749 490 terras
771 443 1019 488 dominum
1044 440 1103 486 de
1131 441 1316 485 Craon²
1335 455 1444 484 eum
1472 441 1645 485 caeteris

237 522 336 566 aliis
366 521 564 567 ducibus
587 531 631 566 et
655 530 785 584 parte
815 534 1006 564 suarum
1027 518 1272 580 copiarum
1295 525 1403 562 ante
1426 516 1611 562 miserat
1630 536 1640 573 3

238 607 281 643 et
308 615 416 643 cum
440 599 560 644 illius
581 608 711 643 terrae
728 595 899 641 accolae
927 610 1165 639 accessum
1189 592 1390 638 liberum
1420 591 1480 637 ad
1502 601 1646 639 terras

239 674 464 720 Flandriae
496 675 700 735 ajiasque
738 671 979 716 inferiores
1010 670 1184 716 habere
1209 661 1307 714 non
1338 678 1553 732 possent,
1589 686 1645 713 eo

238 752 370 814 quod
388 750 689 810 Lotharingia
705 759 748 794 et
774 748 872 794 aliae
896 748 1184 794 intermedia:
1202 757 1334 792 terrae
1354 746 1528 792 eisdem
1542 746 1648 791 hos-

238 830 337 874 tiles
360 838 513 887 erant,
536 837 580 872 et
603 828 665 872 ita
702 827 933 871 nescirent
954 842 1056 887 quae
1083 827 1131 871 in
1154 825 1371 871 Flandria
1390 834 1434 870 et
1461 824 1647 870 inferio-

240 905 365 950 ribus
383 905 514 950 terris
533 913 805 967 gererentur
817 902 1053 964 (suggesto
1067 903 1132 948 eis
1148 919 1232 965 per
1254 903 1403 963 regios
1418 902 1547 964 quod
1569 919 1645 948 rex

237 999 344 1027 cum
362 998 445 1027 sua
465 981 740 1044 principissa
753 979 928 1025 foedera
941 979 1134 1025 haberet
1148 1016 1159 1038 ,
1184 980 1375 1041 ejusque
1392 988 1536 1025 terras
1551 979 1646 1040 jam

238 1057 324 1103 sub
349 1074 494 1103 manu
521 1074 575 1103 ac
596 1066 821 1120 potestate
842 1072 925 1101 sua
947 1056 1163 1117 teneret),
1185 1056 1246 1101 ita
1265 1072 1363 1101 esse
1384 1055 1649 1101 existiman-

239 1145 324 1194 tes,
360 1151 416 1180 eo
441 1134 570 1196 quod
611 1134 669 1179 ‹le
705 1133 995 1196 opponenda
1029 1134 1121 1193 regi
1163 1133 1424 1178 resistentia
1458 1148 1647 1195 prorsus

239 1211 551 1275 desperabant
567 1247 577 1265 ‚
608 1211 864 1256 nescientes
887 1210 1001 1272 quid
1026 1209 1324 1255 commodius
1348 1209 1499 1254 facere
1543 1225 1648 1272 pos-

238 1297 356 1345 sent,
371 1288 450 1332 tali
467 1287 758 1332 vaframento
777 1286 1103 1343 circumventi,
1120 1294 1428 1347 spontaneam
1444 1284 1646 1331 fecerant

238 1364 337 1410 sine
361 1363 485 1408 bello
508 1362 816 1408 deditionem.

303 1440 393 1484 Sed
419 1456 529 1484 cum
556 1438 722 1483 veritas
744 1454 901 1482 rerum
925 1453 1027 1499 quse
1052 1436 1352 1498 gerebantur,
1385 1437 1457 1482 his
1481 1437 1539 1483 de
1568 1455 1646 1483 co-

239 1518 403 1562 mitatu
426 1514 703 1576 Burgundiae
730 1531 814 1577 per
838 1516 1100 1559 Germanos
1132 1514 1312 1560 vicinos
1342 1514 1643 1574 innotuisset,

239 1594 356 1655 regi,
382 1609 439 1637 ne
460 1591 547 1636 sub
566 1591 666 1653 ejus
685 1606 831 1636 manu
855 1589 1130 1636 devenirent
1143 1628 1153 1647 ,
1171 1591 1354 1636 animos
1368 1600 1507 1653 atque
1518 1607 1647 1637 arma

238 1669 389 1716 valide
413 1679 457 1715 et
480 1677 697 1731 potenter
714 1669 1076 1730 opposuerunff,
1097 1678 1289 1713 auctore
1310 1669 1543 1731 praeeipue
1564 1669 1646 1714 do-

239 1747 368 1792 mino
391 1745 449 1790 de
470 1744 671 1808 Argaei!
684 1746 711 1801 ·'',
739 1744 1014 1790 marchione
1046 1744 1104 1789 de
1131 1743 1431 1806 Rotlzell'nghe
1447 1747 1459 1768 ⁵
1480 1755 1525 1790 et
1547 1745 1647 1791 aliis

239 1822 512 1887 proceribus
535 1821 708 1885 patriae.
739 1822 852 1880 Qui,
872 1821 1030 1866 accitis
1052 1837 1108 1866 ex
1130 1830 1250 1866 terra
1266 1822 1549 1868 Suitensium
1566 1824 1645 1869 sti-

239 1898 492 1962 pendiariis
516 1898 740 1943 militibus
765 1907 811 1942 et
830 1898 1017 1960 populis
1037 1908 1167 1943 terra·
1187 1915 1304 1956 suae,
1322 1898 1513 1944 viriliter
1535 1909 1646 1945 tunc

240 1975 356 2021 fines
371 1991 479 2020 suos
502 1975 634 2020 tutati
653 1984 786 2032 sunt,
808 1983 850 2019 et
869 1974 1139 2019 multotiens
1158 1978 1446 2021 Francorum
1471 1993 1648 2022 cuneos

240 2053 573 2116 protriverunt.
622 2054 677 2096 Et
715 2068 823 2096 cuni
850 2051 948 2112 jam
981 2050 1248 2114 [nonbiulla
1286 2053 1472 2099 castella
1509 2063 1648 2116 atque

243 2129 467 2193 oppidula
485 2128 644 2192 patriae
675 2132 963 2174 Francorum
996 2128 1163 2173 milites
1196 2140 1526 2192 occupassent,
1556 2140 1645 2176 sta-

297 2261 332 2295 1.
364 2260 416 2294 Le
436 2257 558 2293 (luche
579 2256 626 2292 de
645 2259 868 2306 Bourgogne
884 2257 923 2291 fit
943 2270 982 2292 sa
1003 2255 1228 2293 soumission
1248 2257 1283 2293 le
1297 2258 1347 2294 ,⁶29
1365 2257 1514 2305 jam-ier
1532 2261 1645 2296 1477.

297 2323 333 2357 2.
366 2321 533 2370 Georges
553 2319 599 2356 de
618 2322 671 2355 La
690 2319 931 2355 Tre'mouille.

297 2386 333 2420 3.
365 2386 417 2419 La
439 2382 763 2419 Franche-Comte
785 2395 824 2418 se
844 2382 1009 2427 revehit,
1031 2383 1141 2432 apres
1166 2384 1277 2420 s‘etre
1297 2383 1460 2420 somnise
1478 2397 1523 2419 en
1544 2392 1648 2419 vertu

247 2446 357 2483 d'une
379 2446 624 2483 (leliberation
646 2447 692 2482 de
712 2459 768 2483 ses
786 2447 879 2483 etats
895 2446 1100 2483 assembles
1120 2449 1141 2483 a
1158 2448 1268 2491 Dole,
1292 2447 1325 2483 le
1348 2450 1391 2482 18
1418 2447 1568 2483 ferrier.

300 2510 337 2546 4.
366 2512 457 2545 Jean
485 2508 531 2544 de
555 2508 719 2553 Chalon,
742 2508 871 2558 prince
902 2508 1092 2559 ‹l'Orange
1121 2517 1156 2545 et
1181 2509 1355 2559 seigneur
1377 2508 1574 2557 d'Arguel,
1603 2521 1650 2543 ne

248 2579 355 2619 parnt
387 2571 560 2619 qu'apres
597 2571 629 2606 la
669 2571 832 2613 νέα-0116,
865 2570 955 2606 dont
987 2584 1054 2607 son
1086 2572 1195 2607 oncle
1223 2574 1376 2620 Hugues
1407 2570 1454 2605 de
1485 2568 1649 2606 Cbalon.

250 2631 421 2681 seigneur
441 2631 484 2667 de
505 2632 800 2681 Chateauguyon
816 2660 824 2671 ,
848 2632 974 2668 donna
992 2633 1027 2668 le
1047 2633 1181 2683 signal.

304 2695 340 2729 ὃ.
373 2692 542 2741 philippe
563 2692 609 2728 de
631 2693 845 2742 Hochberg,
866 2694 1030 2742 marquis
1052 2693 1098 2729 de
1118 2692 1303 2729 Rothelin.
