1875 2956
236 269 309 305 380
801 267 1048 302 APOLOGM
1062 296 1071 311 ,

300 357 446 404 Aliam
466 358 655 419 insuper
671 353 1062 401 consuetudinem
1087 353 1354 415 observant,
1380 356 1508 419 quod
1532 368 1638 420 post

232 435 360 480 litem
387 442 713 491 contestatam,
752 431 788 476 si
822 447 961 494 super
989 446 1292 493 quocumque
1319 431 1539 478 incidenti
1566 434 1637 479 vel

232 511 513 573 emergenti,
550 509 729 555 etiamsi
760 508 874 553 nihil
911 508 972 554 ad
1007 507 1277 571 principalis
1314 509 1487 569 negotii
1518 509 1639 556 deci-

232 591 413 635 sionem
436 586 722 650 praejudicet,
746 584 1044 631 interlocutio
1066 583 1238 645 judicis
1258 594 1516 647 expetatur,
1542 587 1639 631 vie·

231 675 305 710 tus
335 681 473 727 super
510 663 588 709 tali
621 662 881 709 accessorio
914 660 1084 724 perdit,
1120 661 1421 722 quantumvis
1451 661 1640 707 evidens

227 743 302 804 jus
321 742 367 786 in
396 740 643 804 principali
663 739 899 798 habuerit,
926 754 1115 784 causam
1138 753 1288 783 suam.
1318 739 1382 782 Ex
1409 752 1505 799 quo
1525 753 1641 800 saepe

231 818 459 879 contingit
473 827 540 876 ut,
564 818 792 879 quoniam
812 817 970 880 patriae
986 814 1280 862 consuetudo
1306 831 1402 859 non
1422 815 1645 878 permittit

230 896 417 941 testium
437 892 745 957 probationes
761 893 940 939 admitti
962 893 1009 938 in
1030 908 1125 937 una
1145 907 1300 951 eausa,
1319 891 1407 935 nisi
1424 890 1484 936 311
1504 891 1646 938 altera

231 983 363 1036 parte
386 982 593 1031 tantum,
625 971 806 1017 etiamsi
837 980 1035 1033 utraque
1059 984 1166 1032 pars
1189 968 1354 1030 alleget
1377 967 1497 1013 saeta
1519 968 1646 1031 posi-

230 1052 324 1098 tiva
343 1061 389 1096 et
412 1049 691 1096 affirmativa
713 1048 967 1107 contraria,
995 1056 1040 1092 et
1062 1062 1117 1092 ea
1139 1062 1186 1092 se
1207 1055 1334 1109 petat
1359 1044 1419 1090 ad
1443 1043 1647 1108 proban·

231 1127 345 1173 dum
384 1126 592 1185 admitti,
637 1135 682 1171 et
717 1123 881 1170 offerat
915 1140 998 1187 per
1036 1121 1235 1168 idoneos
1267 1131 1405 1168 testes
1446 1120 1649 1183 legitime

229 1204 557 1269 probaturam,
580 1219 691 1248 611111
714 1201 1055 1264 unusquisque,
1079 1199 1138 1245 de
1157 1199 1251 1245 suis
1273 1197 1518 1245 confidens
1543 1213 1650 1261 pro-

228 1279 520 1340 bationibus,
547 1278 805 1327 contendat
830 1278 986 1342 potius
1008 1276 1127 1323 facta
1146 1291 1174 1321 3
1197 1292 1246 1321 56
1269 1275 1484 1337 allegata,
1505 1291 1649 1337 quam

230 1360 500 1417 adversarii,
528 1357 702 1404 (1611616
724 1356 868 1419 recipi
892 1355 952 1401 ad
975 1352 1298 1418 probandum,
1323 1362 1369 1398 et
1397 1368 1536 1415 super
1558 1351 1648 1398 hac

230 1437 552 1493 contentione,
587 1435 679 1479 utri
712 1433 868 1496 potius
902 1432 1189 1493 litigatorum
1211 1428 1431 1493 probatio
1463 1427 1646 1490 adjudi-

231 1514 327 1559 cari
352 1523 395 1558 et
423 1512 612 1558 decerni
636 1509 823 1567 debeat,
851 1507 1104 1570 interloqui
1123 1523 1206 1570 per
1223 1505 1433 1568 judicem
1454 1505 1644 1568 petitur,

231 1590 307 1635 ille
344 1605 430 1652 pro
465 1604 560 1650 (1110
599 1585 896 1631 interlocutio
930 1584 1074 1630 fertur
1114 1582 1246 1645 quod
1281 1582 1438 1645 potius
1465 1580 1646 1627 admitti

234 1665 404 1711 debeat
438 1665 498 1710 ad
533 1662 835 1726 probandum
875 1661 995 1707 faeta
1035 1675 1145 1719 sua,
1187 1675 1270 1722 per
1310 1659 1402 1704 1106
1438 1657 1649 1704 obtineat

233 1742 479 1787 victoriam
504 1740 551 1784 in
578 1738 844 1802 principali,
870 1738 1010 1782 etiam
1035 1735 1151 1780 nihil
1175 1736 1233 1780 de
1257 1734 1388 1779 sactis
1413 1750 1440 1779 a
1466 1751 1514 1779 56
1541 1733 1645 1779 3116-

237 1819 374 1881 gatis,
403 1827 448 1863 61
479 1817 636 1862 forsan
671 1814 834 1859 dolose
862 1822 907 1858 et
938 1812 1167 1856 malitiose
1194 1809 1344 1872 (quod
1384 1809 1493 1855 satis
1530 1826 1649 1872 saepe

237 1896 337 1941 {ieri
365 1893 552 1955 assolet)
588 1890 801 1937 confictis
832 1899 877 1936 et
899 1887 1182 1947 adinventis,
1216 1887 1408 1932 ulterius
1429 1885 1652 1950 probatu-

237 1990 332 2018 rus.
370 1971 536 2030 Qnod,
565 1969 731 2033 procul
758 1966 924 2023 dubio,
950 1964 1084 2012 valde
1108 1964 1322 2027 iniquum
1348 1973 1393 2009 et
1416 1963 1651 2026 pernicio—

237 2067 342 2094 sum
366 2058 450 2107 651,
479 2046 692 2110 11116116115
714 2061 881 2090 ausum
906 2052 949 2088 et
975 2043 1059 2087 iter
1082 2041 1298 2105 aperiens
1317 2040 1492 2086 dolosis
1511 2049 1555 2085 et
1573 2055 1650 2084 ea-

239 2126 483 2171 lumniosis
504 2122 743 2169 advocatis
766 2118 1099 2166 adinveniendi
1120 2128 1165 2163 et
1187 2116 1491 2178 confingendi
1512 2116 1647 2174 sacta,

241 2222 344 2268 quae
376 2205 575 2265 allegent
614 2202 674 2249 ad
705 2200 1036 2265 perimendum
1063 2198 1182 2245 faeta
1207 2214 1402 2244 suorum
1434 2196 1649 2242 adversa-

241 2282 418 2327 riorum
454 2290 500 2325 61
534 2279 795 2325 tollendum
833 2278 898 2322 eis
940 2287 1080 2338 atque
1119 2274 1426 2321 auferendum
1464 2272 1651 2335 copiam

242 2358 536 2423 probationis
565 2372 658 2401 51136
683 2356 814 2417 justae
838 2354 1110 2399 intentionis
1139 2362 1182 2397 et
1209 2351 1438 2397 sactorum
1461 2351 1652 2395 veritate

245 2435 486 2492 fultorum,
526 2432 584 2479 ad
617 2449 719 2494 quae
755 2430 1004 2495 probanda
1037 2430 1229 2474 minime
1264 2446 1347 2492 per
1378 2426 1649 2490 hujusmodi

245 2513 535 2559 calunmiosa
556 2519 824 2556 commenta
850 2508 1174 2554 admittuntur.
