1875 2956
647 194 788 228 LIBER
826 193 1018 229 PRIMUS.
1454 195 1474 227 2
1482 195 1528 228 57

137 298 253 343 opus
280 280 409 341 quod
442 290 505 324 tot
548 290 592 324 ct
625 290 717 326 tam
748 279 1002 341 grandibus
1034 293 1229 338 regumn
1259 293 1395 322 suum
1417 296 1532 341 pen-

135 353 344 401 sionibus
365 365 670 417 pra‘gravaret
684 393 695 413 ,
722 372 809 418 pro
832 354 1004 416 quibus
1023 352 1315 398 exsolvendis
1341 362 1410 398 tot
1431 363 1533 398 tan-

136 432 283 492 tisque
317 449 525 494 pressum
563 431 864 493 vectigalibus
901 442 947 476 et
987 430 1214 488 collectis,
1258 446 1360 492 quat
1398 430 1535 475 simul

135 525 243 552 cum
279 509 439 554 militia
462 526 545 572 per
571 519 637 554 tot
661 524 810 554 annos
833 524 1029 569 regnum
1067 509 1219 570 ipsum
1248 516 1293 551 et
1328 507 1537 568 ejusdem

136 585 303 630 accolae
335 586 611 644 tolerarant,
645 584 704 630 ad
731 594 987 629 extremam
1020 600 1152 646 parne
1190 584 1464 646 pauperiem
1494 593 1540 628 et

136 663 442 707 inanitionem
462 663 766 708 devenerant.
794 662 934 707 Aliter
960 662 1086 706 enim
1108 661 1328 724 possibile
1356 678 1452 706 non
1477 662 1539 707 sa-

134 738 219 782 cile
240 739 459 800 cuiquam
479 754 644 783 sanum
668 738 864 801 sapienti
887 737 1035 782 videri
1061 746 1265 800 poterat,
1295 738 1538 799 quomodo

137 831 329 874 regnum
368 825 507 876 atque
546 814 715 859 accola*
756 814 854 876 ejus
891 815 938 859 in
980 814 1181 876 priscam
1222 814 1536 876 opulentiam,

134 891 394 936 libertatem
414 900 458 934 et
477 890 673 951 gloriam
698 891 943 935 instaurari
966 900 1157 953 possent
1172 927 1183 944 ‚
1212 891 1362 935 causis
1384 891 1542 951 hujus-

135 969 263 1013 modi
287 970 518 1014 malorum
540 969 677 1014 simul
698 967 1095 1032 percurrentibus,
1119 985 1174 1013 ex
1199 985 1403 1031 quorum
1420 986 1543 1031 pres-

134 1060 240 1090 sura
282 1055 328 1090 et
367 1047 601 1091 attritione
639 1045 700 1091 ad
742 1055 836 1091 tam
872 1045 1185 1091 miserabilem
1227 1046 1542 1091 calamitatem

134 1121 289 1166 fuisset
333 1123 623 1168 devolutum.
678 1122 957 1183 Hujusmodi
1006 1138 1119 1167 vero
1167 1122 1316 1180 causis
1366 1122 1439 1166 vel
1487 1139 1541 1168 ex

134 1208 262 1259 parte
281 1199 498 1256 sublatis,
526 1217 606 1245 seu
630 1199 966 1246 rationabiliter
989 1200 1271 1263 temperatis,
1293 1199 1542 1246 observato

134 1275 293 1321 debito
326 1277 510 1338 justitia·
557 1278 711 1335 cultu,
760 1294 858 1322 non
899 1275 1098 1321 dubium
1135 1275 1232 1321 fore
1269 1275 1542 1321 dicebamus

133 1352 246 1411 quin
267 1388 277 1410 ,
311 1352 430 1398 infra
448 1352 639 1398 brevem
671 1362 851 1398 aetatem
869 1388 880 1409 ,
908 1353 1035 1413 regio
1054 1362 1177 1409 tota,
1207 1368 1309 1412 quae
1334 1361 1380 1396 et
1404 1351 1542 1396 uber-

134 1434 223 1471 tate
249 1426 391 1488 glebae
417 1438 462 1472 et
492 1429 609 1472 aeris
635 1437 773 1489 atque
806 1427 910 1472 coeli
933 1426 1201 1471 salubritate
1227 1425 1420 1486 insignis
1444 1436 1538 1485 est,

133 1501 178 1545 in
197 1518 415 1563 magnam
437 1503 723 1566 populorum
742 1539 753 1558 ,
776 1518 922 1564 opum
953 1511 998 1546 et
1026 1501 1180 1546 omnis
1213 1501 1394 1562 generis
1420 1501 1539 1546 divi-

132 1577 301 1622 tiarum
331 1588 471 1640 atque
497 1578 734 1624 bonorum
757 1577 1099 1623 abundantiam
1123 1577 1419 1622 coalesceret.

197 1656 289 1699 Nec
305 1664 461 1700 tamen
484 1689 494 1711 ,
523 1654 929 1716 quemadmodum
952 1652 1193 1699 aiebamus
1211 1689 1222 1711 ‚
1250 1652 1370 1698 adeo
1395 1662 1541 1698 teme-

133 1730 240 1774 rarii
263 1730 407 1775 videri
442 1730 716 1776 volebamus
749 1740 799 1775 ut
827 1731 1000 1775 militiae
1036 1729 1234 1774 modurn
1259 1745 1340 1773 seu
1370 1745 1540 1774 nurne-

136 1823 238 1850 rum
255 1843 265 1863 ,
303 1806 361 1851 ad
397 1807 626 1869 stipendia
649 1822 735 1870 pro
763 1807 907 1851 tutela
934 1815 1073 1868 atque
1106 1805 1378 1850 defensioue
1407 1806 1538 1867 regni

133 1882 402 1939 retinendae,
437 1893 597 1928 nostro
633 1900 770 1928 sensu
794 1882 1123 1928 diffiniendum
1149 1882 1442 1928 duceremus.
1483 1883 1537 1928 Id

132 1959 258 2004 enim
292 1975 475 2021 regem,
513 1959 676 2004 habito
715 1976 854 2023 super
892 1959 982 2004 hac
1012 1976 1058 2004 re
1087 1969 1272 2004 maturo
1304 1975 1413 2003 cum
1445 1959 1538 2004 suis

132 2034 406 2097 proceribus
428 2045 471 2080 et
495 2036 603 2081 viris
626 2035 913 2098 sapientibus
938 2035 1161 2093 consilio,
1186 2033 1357 2079 debere
1385 2034 1536 2080 facere

133 2121 271 2174 atque
307 2112 542 2157 moderari
575 2113 876 2167 dicebamus,
905 2112 1191 2173 minimeque
1222 2121 1332 2156 tunc
1364 2128 1533 2172 regno,

135 2189 197 2234 ita
220 2200 387 2252 pacato
410 2200 455 2235 et
478 2191 706 2251 integrato
735 2200 785 2235 ut
808 2190 867 2236 ab
896 2189 1115 2235 omnibus
1146 2189 1288 2234 ferme
1323 2205 1419 2234 esse
1456 2190 1536 2234 de-⁵

136 2265 245 2312 bere
267 2267 594 2323 aestimabatur,
626 2277 808 2313 tantum
835 2267 1006 2312 militia·
1033 2282 1305 2325 numerum,
1336 2277 1402 2314 tot
1422 2284 1536 2329 pen-

136 2343 321 2388 sionum
355 2355 566 2407 sumptus
597 2344 943 2390 continuandos
967 2360 1087 2402 esse,
1130 2344 1295 2405 quanti
1327 2353 1464 2389 antea
1489 2345 1534 2388 in

136 2434 301 2479 regno,
349 2420 639 2466 saevientibus
679 2421 890 2466 maximis
930 2436 1203 2481 guerrarum
1240 2419 1532 2479 turbinibus,

137 2511 344 2555 unquam
370 2497 659 2542 exstitissent.

203 2572 307 2616 Haec
327 2572 374 2616 in
396 2572 555 2618 libello
580 2574 814 2619 antedicto
851 2590 1006 2635 regem
1042 2583 1092 2618 ut
1126 2573 1293 2617 faceret
1316 2571 1536 2616 hortaba-

141 2663 275 2703 mur,
312 2647 404 2693 hoc
424 2686 435 2708 ,
473 2650 541 2694 uti
564 2650 819 2709 credimus,
856 2650 1120 2695 fidelissime
1152 2646 1529 2692 consulebamus,

245 2738 289 2760 111
1277 2725 1323 2760 17
