1875 2956
715 170 1010 206 PROOEMIUM.
1479 173 1553 207 239

164 257 393 319 rogationi
417 266 576 302 vestrae
600 273 761 320 parere
781 267 918 319 atque
939 255 1196 302 satisfacere
1218 269 1304 317 pro
1326 259 1556 303 concessis

163 348 190 380 a
212 333 405 378 domino
432 333 603 378 viribus
627 334 926 391 tentavimus,
962 334 1007 377 in
1038 331 1179 376 nostri
1212 332 1557 377 excusationem

163 425 243 454 seu
269 410 534 472 apologiam
566 420 730 454 nostrae
766 409 1149 472 peregrinationis
1185 416 1230 452 et
1265 407 1557 453 discessionis

162 485 222 531 ab
243 487 450 548 injuncta
473 488 669 532 statione
696 485 902 530 libellum
926 486 1052 530 hunc
1079 485 1422 547 apologeticum
1444 500 1557 529 con-

162 562 428 609 scribentes.
464 567 660 608 Tantum
699 563 824 608 enim
858 562 1125 606 reverentia*v
1154 562 1364 606 amicitia*
1399 570 1557 606 vestrae

163 655 250 684 nos
274 639 444 685 debere
478 639 752 702 profitemur
779 653 864 700 pro
886 637 1218 682 communibus
1252 637 1365 682 olim
1397 638 1557 683 studiis

163 725 207 760 et
227 715 568 775 sodalitatibus,
593 715 788 777 quibus,
816 713 875 759 ab
904 714 1092 759 ineunte
1127 714 1438 759 adolescentia
1464 730 1558 760 una

164 794 395 839 exercitati
431 794 628 852 suimus,
665 801 715 836 ut
743 790 858 835 nihil
891 807 1055 836 eorum
1093 808 1194 854 quae
1231 791 1288 836 de
1333 792 1558 854 parvitate

165 879 322 914 nostra
344 869 605 915 desiderare
629 868 843 932 potestiS,
876 867 973 912 ullo
1008 877 1147 930 pacto
1178 867 1385 913 abnuere
1423 884 1558 931 posse

164 946 438 991 rationabile
462 946 532 990 vel
564 960 749 1008 acquum
775 945 1104 990 existimemus.

229 1021 403 1067 Similia
442 1031 597 1066 autem
628 1037 654 1066 a
687 1021 794 1066 xiris
825 1021 1005 1081 magnis
1041 1029 1084 1065 et
1126 1036 1327 1082 quorum
1365 1019 1559 1066 celebris

163 1108 427 1142 recensetur
461 1097 686 1143 memoria
714 1097 837 1143 edita
869 1098 1133 1159 frequenter
1169 1096 1304 1141 fuisse
1336 1098 1560 1160 opuscula

163 1190 250 1236 pro
274 1175 411 1220 variis
442 1175 589 1220 causis
618 1175 931 1220 meminimus.
968 1177 1086 1220 Nam
1113 1181 1165 1218 'et
1196 1174 1446 1235 Gregorius
1471 1177 1559 1220 Na-

163 1250 425 1307 zianzenus,
456 1250 604 1295 dictus
625 1250 902 1311 Theologus,
926 1250 1268 1312 apologeticum
1291 1266 1377 1311 pro
1400 1265 1483 1296 sua
1511 1251 1558 1295 in

164 1325 462 1370 solitudinem
487 1326 744 1370 secessione
765 1326 998 1386 eleganter
1025 1325 1229 1387 scripsit,
1253 1341 1311 1369 ne
1331 1325 1378 1369 id
1403 1325 1560 1371 fecisse

166 1410 334 1446 temere
354 1402 425 1446 vel
448 1401 754 1447 inconsultius
776 1417 802 1446 a
826 1417 1066 1462 quoquam
1092 1401 1372 1463 culparetur.
1403 1400 1562 1446 Edidit

162 1487 207 1521 et
225 1477 389 1522 beatus
418 1476 692 1521 Athanasius
715 1476 1047 1522 Alexandrinus
1072 1475 1218 1521 libros
1245 1477 1562 1539 apologeticos

162 1552 221 1597 de
245 1553 350 1614 fuga
372 1567 479 1611 sua,
504 1568 597 1614 qua
626 1552 998 1614 persecutionem
1022 1552 1280 1598 Constantii
1305 1561 1349 1598 et
1374 1553 1562 1599 Ariano-

166 1645 284 1688 rum,
304 1630 548 1675 adversum
567 1645 614 1673 se
631 1628 843 1691 nequiter
862 1629 1165 1687 saevientium,
1187 1630 1400 1675 doctrina
1419 1630 1560 1675 fretus

164 1715 209 1750 et
241 1706 455 1769 exemplo
486 1705 755 1765 Salvatoris,
791 1705 1087 1751 laudabiliter
1128 1706 1391 1752 declinavit.
1431 1708 1559 1769 Saepe

163 1782 303 1827 etiam
338 1784 648 1844 Hieronymus
678 1793 723 1828 et
755 1782 947 1828 Rufinus
975 1792 1113 1844 atque
1151 1783 1227 1828 alii
1262 1784 1560 1846 quamplures

164 1857 308 1903 libros
331 1859 375 1903 in
401 1859 665 1921 apologiam
686 1860 754 1904 sui
776 1860 1172 1922 conscripserunt,
1199 1859 1279 1904 ubi
1303 1860 1362 1905 ab
1385 1860 1560 1905 aemulis

165 1945 209 1980 et
244 1935 634 1981 obtrectatoribus
673 1936 729 1981 de
763 1937 920 1998 aliquo
956 1936 1132 1999 probro
1168 1937 1237 1981 vel
1272 1937 1562 1982 insimulatos

165 2028 235 2067 se,
277 2013 350 2057 vel
380 2013 635 2057 insimulari
678 2028 812 2074 posse
850 2022 1199 2073 cognoscerent.
1247 2015 1461 2068 Quorum
1502 2012 1562 2058 ad

165 2094 462 2156 exemplum,
486 2093 647 2138 vestris
677 2093 913 2155 cupientes
958 2092 1281 2156 obtemperare
1319 2093 1557 2156 precibus,

167 2184 325 2215 causas
363 2171 567 2232 primurn
603 2179 647 2214 et
681 2169 948 2214 occasiones
989 2169 1158 2232 quibus
1199 2170 1445 2216 adversum
1477 2187 1563 2216 nos

167 2243 299 2302 regiae
322 2243 655 2304 indignationis
678 2242 904 2288 acerbitas
927 2244 1159 2289 concitata
1184 2243 1341 2301 fuerit,
1369 2261 1562 2306 quaeque

171 2332 253 2360 nos
272 2317 317 2361 in
342 2317 466 2363 hanc
493 2317 914 2380 peregrinationem
941 2327 985 2362 et
1008 2333 1035 2362 a
1065 2318 1318 2363 ministerio
1352 2317 1562 2379 injuncto

168 2391 471 2436 cessationem
495 2391 825 2453 compulerunt
847 2401 892 2436 et
918 2391 1201 2452 adegerunt,
1231 2407 1417 2437 narrare
1439 2390 1563 2435 insti-

170 2463 354 2508 tuimus.
397 2466 480 2510 Cui
522 2466 557 2510 si
593 2464 904 2527 provocandae
944 2475 989 2510 et
1029 2465 1360 2511 exacerbandae
1403 2479 1562 2509 causas

173 2538 287 2583 forte
305 2542 670 2601 praestiterimus,
694 2550 738 2586 et
762 2541 910 2586 zelum
931 2541 990 2586 ad
1015 2540 1195 2587 bonum
1214 2542 1277 2586 rei
1299 2539 1495 2603 publicae
1517 2549 1561 2584 et

168 2613 350 2675 justitiae
370 2625 506 2677 atque
525 2616 747 2662 libertatis
765 2618 921 2678 patriae
944 2618 1098 2662 minus
1123 2627 1254 2662 caute
1275 2616 1343 2660 vel
1365 2615 1561 2678 provide
