1875 2956
295 224 364 258 146
648 224 984 261 fflsTomARUM
1012 225 1244 262 LUDOVICI
1274 228 1326 261 XI

293 318 431 367 tarat,
475 309 533 354 ad
579 309 778 372 patriam
812 324 944 354 suam
986 287 1247 355 Clix'rensem
1284 311 1540 373 profectus,
1581 329 1689 358 suos

290 385 504 432 rutheros
528 386 671 431 ferme
703 401 868 430 omnes
900 385 1138 431 mitterent
1162 385 1222 431 ad
1250 387 1475 448 quasdam
1498 389 1689 436 arbores

289 463 593 510 succidendas
630 472 675 508 et
705 463 765 509 ad
794 463 1028 509 civitatem
1052 462 1327 511 deferendas
1356 481 1442 528 pro
1469 468 1689 513 munitio-

291 540 427 586 nibus
462 549 703 604 portarum
736 550 781 584 et
812 541 1070 600 moenium,
1109 551 1322 605 tempore
1359 551 1406 586 et
1451 542 1556 589 loco
1602 560 1688 607 pro

289 616 459 680 quibus
500 616 545 661 id
583 617 894 662 necessarium
931 634 1028 664 esse
1057 626 1239 681 posset,
1284 627 1424 679 atque
1453 619 1592 664 etiam
1628 619 1686 666 ad

288 693 527 739 machinas
569 702 615 738 et
652 695 1007 756 propugnacula
1047 693 1397 741 sabrificanda¹.
1449 694 1688 757 Simulque

285 771 425 815 etiam
454 771 609 815 evenit
646 780 697 815 ut
723 771 809 834 ipsi
842 772 1030 834 tyranni
1059 788 1225 818 omnes
1254 789 1362 817 cum
1404 771 1599 818 domino
1630 773 1688 819 de

287 847 546 910 Montsort,
581 863 725 910 penes
761 864 902 910 quern
936 850 1139 896 maxima
1176 850 1318 896 totius
1350 848 1563 894 factionis
1596 865 1690 896 ma-

284 923 426 969 nebat
464 933 577 969 tunc
608 925 882 985 auctoritas,
915 926 963 971 in
994 943 1141 972 unum
1167 926 1476 973 convenirent
1507 926 1554 970 in
1584 925 1689 971 loco

281 1000 525 1064 capitulari
562 1000 765 1046 ecclesiae
805 1002 953 1047 sancti
994 1003 1196 1049 Martini.
1244 1003 1406 1048 Solent
1436 1001 1563 1047 enlm
1602 1001 1689 1047 sre-

280 1088 478 1141 quenter
500 1079 733 1126 solemnes
757 1088 803 1125 et
824 1096 911 1142 pro
936 1081 1228 1141 gravioribus
1245 1080 1395 1127 causis
1409 1079 1553 1125 totius
1574 1079 1690 1124 civi-

278 1157 382 1202 tatis
404 1157 497 1202 illic
525 1155 750 1202 celebrari
781 1166 1058 1202 conventus.
1085 1157 1226 1214 Quod
1253 1174 1363 1204 cum
1393 1156 1690 1218 agnovissent

278 1235 358 1295 qui
393 1233 452 1279 de
478 1233 806 1296 conjuratione
839 1243 997 1294 erant,
1035 1235 1152 1281 ostia
1181 1235 1393 1297 ejusdem
1426 1234 1690 1297 capitularis

277 1311 391 1357 aulae
435 1311 494 1356 de
538 1310 650 1356 foris
692 1311 987 1367 clauserunt,
1035 1321 1175 1375 atque
1221 1312 1345 1358 illico
1394 1310 1690 1357 currentibus

278 1387 561 1451 quibusdam
587 1405 671 1451 per
693 1389 822 1433 vicos
846 1389 1065 1445 civitatis,
1095 1390 1176 1451 qui
1200 1405 1364 1452 pacem
1388 1406 1497 1435 cum
1517 1405 1689 1451 magno

277 1467 589 1513 acclamarent
622 1466 851 1523 tumultu,
881 1465 1243 1512 adventantibus
1274 1476 1318 1511 et
1353 1466 1607 1528 conjuratis
1640 1466 1687 1511 in

278 1559 447 1604 magna
485 1542 657 1587 civium
690 1541 990 1586 multitudine
1028 1542 1088 1588 ad
1124 1559 1426 1588 communem
1455 1543 1683 1605 plateam,

279 1636 380 1681 quae
408 1628 474 1664 est
498 1634 648 1681 prope
673 1617 872 1663 domum
896 1618 1190 1677 consulatus,
1221 1619 1280 1665 ad
1314 1620 1468 1664 statim
1498 1629 1596 1665 tota
1621 1619 1688 1665 ci-

273 1696 390 1742 vitas
424 1696 473 1741 in
513 1695 654 1740 armis
690 1695 801 1751 fuit,
847 1694 1167 1757 obseratisque
1212 1695 1411 1741 civitatis
1455 1697 1601 1758 portis
1643 1706 1688 1741 et

276 1772 537 1832 moenibus,
584 1781 636 1818 ut
677 1772 923 1817 necessitas
962 1772 1216 1829 suadebat,
1265 1772 1536 1831 custoditis,
1565 1774 1687 1836 capti

278 1851 405 1897 fuere
431 1850 618 1913 tyranni
642 1865 808 1894 omnes
825 1886 836 1908 ,
862 1858 908 1894 et
935 1849 1093 1912 (quod
1123 1850 1259 1895 valde
1286 1849 1555 1895 mirandum
1575 1887 1586 1909 ,
1623 1860 1688 1896 at·

280 1929 416 1974 tentis
444 1927 703 1973 innumeris
739 1943 871 1990 paene
897 1926 1030 1972 malis
1067 1944 1168 1989 quae
1201 1927 1374 1972 civitati
1405 1943 1460 1972 ac
1492 1927 1577 1972 toti
1601 1943 1688 1989 po-

276 2006 389 2069 pulo
413 2003 700 2065 intulerant)
720 2004 845 2067 ipsos
872 2014 1034 2067 captos
1060 2004 1107 2048 in
1132 2004 1257 2050 dicto
1281 2004 1523 2067 capitulari
1548 2004 1655 2049 loco
1671 2041 1682 2062 ,

278 2083 324 2127 in
350 2099 445 2145 quo
473 2084 656 2128 fuerant
683 2082 919 2141 conclusi,
946 2081 1140 2144 pacifice
1169 2081 1229 2127 ad
1253 2090 1438 2144 portam
1461 2080 1681 2139 civitatis,

278 2176 380 2221 qua*
412 2169 580 2205 sanctae
603 2159 864 2204 Catharinoe
898 2158 1174 2221 appellatur,
1207 2158 1529 2215 adduxerunt,
1565 2166 1610 2202 et
1637 2157 1683 2201 in

278 2252 513 2282 carcerem
554 2237 879 2294 detruserunt,
908 2236 1096 2280 nemine
1124 2251 1289 2280 eorum
1320 2250 1437 2279 cfeso
1469 2243 1549 2279 aut
1582 2250 1685 2297 per-

280 2330 431 2359 cusso.
462 2316 635 2359 Revera
658 2314 826 2371 enim2,
853 2321 904 2357 ut
928 2313 1155 2371 diximus,
1183 2329 1280 2357 non
1308 2312 1613 2357 ostenderunt
1637 2328 1685 2357 se

279 2407 375 2436 esse
399 2391 616 2435 homines
646 2389 996 2451 sanguinariOS,
1035 2389 1164 2451 quod
1189 2399 1344 2434 tamen
1377 2389 1423 2434 in
1450 2389 1684 2452 plerisque

278 2468 566 2527 civitatibus,
599 2467 790 2529 quando
831 2466 941 2512 tales
982 2465 1232 2512 seditiones
1259 2476 1536 2527 exsurgunt,
1572 2482 1684 2511 con-

278 2546 453 2607 tingere
476 2561 595 2607 strpe
623 2545 773 2589 visum
795 2552 877 2589 est.

333 2661 368 2694 1.
402 2657 597 2694 Matthaeus
618 2657 873 2705 fabricandas.

332 2723 366 2755 ⁴2.
400 2720 596 2757 Matthaeus
616 2730 704 2756 ιιιιη.
