1875 2956
696 156 837 191 LIBER
867 154 1062 191 PRIMUS.
1503 157 1571 193 27¹

181 241 375 303 obsequi
395 251 441 286 et
460 241 782 305 obtemperare
799 241 1004 303 jussibus
1033 250 1077 286 et
1101 240 1331 284 voluntati
1353 255 1463 284 cum
1481 242 1578 301 jus-

182 328 279 363 tum
303 327 347 362 et
370 327 581 363 sanctum
604 319 730 381 apud
755 322 905 364 Deum
928 327 974 363 et
990 316 1223 372 homineS,
1247 316 1378 360 omni
1395 314 1576 376 abjecta

179 393 483 453 haesitatione,
506 394 796 447 duceremus,
824 394 922 438 zelo
941 393 1126 454 justitiae
1149 401 1195 436 et
1219 407 1307 454 pro
1331 407 1412 451 ea,
1437 408 1580 454 quam

179 469 405 516 debemus
427 471 487 517 ad
521 472 743 534 patriam,
773 471 962 515 caritate
982 469 1208 532 permoti,
1237 484 1408 514 munus
1425 468 1581 530 hujus-

178 547 307 593 modi
343 549 585 609 legationis
615 547 860 610 spontanei
894 555 939 591 et
960 546 1134 591 alacres
1166 545 1477 608 suscepimus,
1504 545 1582 591 eli-

179 634 336 686 gentes
356 626 536 688 potius,
572 625 608 670 si
631 624 716 669 Dei
735 621 1032 686 providentia
1054 621 1103 667 id
1126 620 1226 666 fieri
1254 620 1578 684 disposuisset,

178 717 264 763 pro
291 702 551 764 patrocinio
592 710 731 762 atque
770 698 1042 745 defensione
1076 699 1280 745 veritatis
1317 708 1364 745 et
1395 700 1582 762 justitiae

178 778 273 839 pati
297 778 598 841 supplicium,
621 792 763 839 quam
794 792 880 839 pro
910 774 1182 822 adulatione
1204 784 1250 821 et
1271 776 1582 823 assentatione

180 855 385 900 mortalis
426 854 630 900 hominis
673 852 1007 915 quodcumque
1049 853 1275 914 consequi
1324 853 1580 916 temporale
1638 867 1641 869 ·

177 930 476 976 beneficium.
505 933 666 991 Neque
699 928 1034 991 ignorabamus
1065 945 1093 974 a
1121 930 1328 974 Domino
1348 939 1395 975 et
1422 930 1580 976 Salva-

179 1016 279 1053 tore
299 1018 490 1070 propter
508 1007 600 1053 hoc
621 1007 873 1070 repositam
893 1006 1081 1069 optimae
1102 1005 1446 1068 consequendae
1466 1023 1582 1053 mer-

179 1083 305 1128 cedis
338 1100 498 1147 spem,
537 1100 677 1146 quem
709 1084 849 1129 etiam
875 1084 923 1129 in
946 1092 1110 1128 testem
1135 1082 1359 1148 audacter
1391 1085 1581 1131 invoca-

180 1177 284 1206 mus
316 1161 464 1223 quod,
497 1178 594 1206 non
631 1161 824 1223 alicujus
856 1161 973 1206 lucri
1007 1169 1088 1206 aut
1120 1160 1442 1223 consequendi
1470 1171 1583 1207 tem-

179 1238 352 1299 poralis
362 1238 557 1283 lionoris
570 1238 732 1299 gratia,
751 1237 832 1282 sed
849 1254 937 1301 pro
955 1236 1097 1283 solius
1111 1237 1581 1301 Deietproximorum

178 1314 428 1361 dilectione
446 1352 457 1374 ,
495 1333 697 1377 quorum
721 1331 886 1361 omnes
918 1314 1272 1361 necessitudinis
1297 1324 1451 1378 partes
1487 1331 1583 1362 una

177 1391 224 1436 in
256 1394 455 1454 patriam
479 1394 645 1438 caritas
684 1392 1037 1455 complectitur,
1073 1391 1167 1436 hoc
1197 1390 1442 1452 legationis
1478 1391 1582 1436 offi-

177 1465 301 1509 cium
325 1466 613 1528 suscepimus
645 1466 925 1527 injunctum.

242 1540 481 1587 Adivimus
515 1541 671 1602 itaque
690 1578 701 1600 ,
735 1540 924 1587 duobus
951 1541 1141 1604 collegis
1163 1540 1302 1587 nobis
1320 1541 1577 1604 adjunctis,

176 1617 389 1663 videlicet
410 1618 608 1664 domino
632 1622 851 1664 Brunone
879 1618 939 1665 de
970 1620 1340 1682 Longo-Campo
1357 1655 1369 1679 ,
1405 1620 1575 1680 milite,

177 1702 222 1737 et
246 1693 479 1739 Richardo
513 1694 571 1739 de
600 1695 818 1752 Essartis,
857 1693 1007 1740 nobili
1033 1695 1178 1753 viro¹,
1204 1695 1419 1758 praefatos
1451 1696 1580 1742 illus·

179 1769 402 1815 trissimos
424 1771 658 1833 principes
676 1805 687 1826 ,
717 1770 985 1834 Philippum
1009 1771 1268 1832 genitorem
1291 1781 1338 1817 et
1355 1773 1579 1819 Karolum

177 1845 275 1907 ejus
298 1846 488 1891 filiu1n².
517 1849 573 1892 Et
594 1847 766 1910 primo,
787 1846 922 1909 juxta
939 1846 1072 1893 datas
1095 1847 1233 1894 nobis
1250 1849 1580 1895 instructiones

230 1970 247 2005 ‘l
260 1998 268 2007 .
299 1970 442 2006 Brunet
474 1970 522 2007 de
543 1971 789 2022 Longchamp
803 2000 813 2018 ‚
849 1971 1054 2018 chevalier,
1093 1973 1268 2023 seigneur
1302 1973 1350 2010 de
1385 1975 1578 2022 Nauville‚

177 2031 374 2069 conseiller
392 2041 427 2069 et
446 2032 682 2070 chambellan
704 2034 754 2071 du
774 2034 867 2079 duc,
889 2042 926 2070 et
945 2034 1081 2072 Cardin
1101 2034 1166 2071 des
1184 2037 1351 2082 Essarts,
1372 2036 1522 2086 ecuyer.

230 2095 268 2130 2.
300 2094 330 2129 Il
345 2102 400 2130 est
419 2094 561 2131 certain
583 2108 657 2144 que
670 2095 832 2133 Thomas
847 2095 957 2132 Basin
972 2108 1021 2133 ne
1041 2096 1154 2147 partit
1171 2110 1239 2148 pas
1255 2110 1303 2135 en
1322 2098 1445 2136 meme
1459 2108 1580 2152 temps

177 2167 250 2204 que
270 2168 331 2192 ces
351 2155 451 2193 deux
476 2170 747 2208 personnages‚
770 2157 862 2208 qu’il
882 2170 905 2194 a
929 2157 1012 2205 dejii
1031 2159 1202 2196 nomines
1221 2171 1370 2198 comme
1387 2173 1446 2198 ses
1464 2163 1579 2199 colle-

177 2231 266 2268 gues
290 2218 383 2255 dans
403 2232 470 2255 son
490 2219 653 2256 Histoire
675 2219 721 2256 de
741 2220 855 2257 Louis
868 2221 925 2257 XI
944 2222 984 2267 (t.
1010 2222 1063 2267 ΙΙ,
1085 2234 1122 2271 p.
1148 2223 1254 2269 157).
1273 2223 1332 2259 On
1350 2222 1393 2259 lit
1410 2223 1503 2260 dans
1526 2224 1579 2261 les

177 2279 418 2316 instructions
443 2280 556 2317 d’une
574 2280 795 2318 ambassade
820 2281 989 2331 envoyee
1013 2294 1082 2332 par
1106 2282 1220 2319 Louis
1238 2283 1291 2321 XI
1309 2295 1358 2320 au
1384 2292 1507 2320 comte
1532 2284 1579 2320 de

178 2338 367 2376 Cliarolais
383 2356 389 2377 :
405 2357 422 2374 <c
441 2344 538 2391 Mgr.
556 2341 708 2378 Charles
720 2356 742 2379 a
755 2342 889 2380 envoie
904 2342 1036 2379 devers
1050 2342 1195 2380 mondit
1208 2343 1383 2394 seigneur
1399 2344 1447 2382 de
1459 2344 1576 2382 Char-

180 2401 292 2437 rolois
311 2403 463 2440 messii-e
482 2406 622 2441 Brunct
640 2404 687 2441 de
704 2405 941 2456 Loinchamp
955 2413 991 2442 et
1008 2405 1145 2443 Cardin
1164 2405 1230 2442 des
1248 2408 1393 2452 Essars,
1412 2415 1448 2443 et
1469 2407 1579 2456 apres

180 2461 369 2513 l'evesque
386 2465 431 2502 de
449 2466 601 2503 Lisieux
620 2482 660 2514 »3
678 2475 714 2504 et
728 2467 821 2505 dans
841 2481 916 2505 une
931 2468 1040 2505 lettre
1057 2467 1172 2505 ecrite
1189 2468 1225 2506 le
1244 2470 1293 2505 22
1310 2468 1458 2515 janvier
1480 2469 1579 2505 1466

184 2535 250 2572 par
268 2525 303 2560 le
324 2525 396 2562 duc
416 2526 462 2563 de
482 2530 707 2579 Bourgogne
725 2542 775 2567 au
795 2528 869 2566 duc
887 2529 936 2566 de
955 2529 1184 2567 Normandie
1201 2529 1396 2567 lui-meme
1419 2544 1425 2565 :
1452 2546 1467 2560 «ι
1495 2529 1576 2578 J'ay

184 2597 294 2621 receu
314 2600 382 2623 voz
399 2588 531 2626 lectres
544 2618 553 2634 ,
574 2604 648 2639 que
666 2591 844 2642 escriptes
867 2592 1010 2628 m'avez
1033 2605 1102 2642 par
1126 2605 1196 2628 τοι
1220 2605 1311 2641 gens
1330 2600 1365 2628 et
1383 2590 1579 2628 ambassa-

184 2645 294 2685 deurs
314 2677 322 2694 ,
351 2649 441 2686 c'est
463 2651 629 2688 assavoir
652 2653 944 2701 premierement
963 2666 1031 2702 par
1057 2653 1211 2690 messire
1231 2653 1370 2689 Brunel
1388 2652 1436 2690 de
1453 2656 1590 2703 [ους--
