1875 2956
694 183 837 218 LIBER
864 182 1060 218 PRIMUS.
1509 186 1583 220 259

186 265 392 328 jusmodi
414 266 717 314 saluberrima
739 280 784 314 ct
797 269 873 332 pia
889 269 1150 314 cohortatio
1172 267 1352 313 radices
1369 269 1579 329 misisset,

191 342 321 387 brevi
361 342 560 390 decursu
596 345 818 408 temporis
861 343 1080 390 omnibus
1113 343 1242 388 sactis
1280 343 1418 405 longe
1456 345 1585 391 aliter

191 435 333 481 quam
355 421 508 466 verbis
534 422 752 468 innotuit.
777 424 831 466 Et
849 420 986 467 nobis
1008 419 1216 483 quidem,
1241 421 1322 482 qui
1346 430 1473 467 tanta
1497 423 1587 467 sin-

191 497 377 543 ceritate
419 508 462 544 et
496 498 691 561 parendi
727 508 866 560 atque
901 496 1176 542 consulendi
1212 496 1459 542 affectione
1499 497 1588 544 sibi

191 572 465 636 imprecanti
498 575 746 621 consilium
773 572 1099 634 hujuscemodi
1123 572 1427 632 dederanmS,
1465 574 1588 619 hanc

190 649 356 709 vicem,
375 650 606 714 aliquibus
620 651 718 712 jam
734 658 837 712 post
849 648 1055 694 decursis
1069 650 1220 708 annis,
1235 649 1464 712 rependit,
1480 667 1590 697 cum

191 726 424 790 principes
445 744 499 774 ac
521 743 736 792 proceres
761 726 891 788 regni
925 741 1012 789 pro
1038 725 1372 772 reformatione
1394 728 1524 788 regni
1545 737 1591 773 et

191 804 490 865 periclitantis
512 805 577 850 rei
597 803 795 867 publicae
809 801 1016 864 ejusdem
1041 803 1219 848 statuin
1241 804 1405 849 melius
1419 805 1591 851 instau-

191 882 340 928 rando
363 883 631 945 conjuratos
654 891 700 927 et
721 880 952 926 adunatos
976 879 1187 939 vidisset,
1213 881 1342 942 quod
1369 891 1413 926 et
1438 882 1591 945 palam

191 974 246 1004 ex
268 959 512 1005 stomacho
534 958 760 1017 evomuit,
786 955 917 1020 quod
947 973 1044 1002 non
1061 955 1185 1004 bene
1210 974 1362 1020 neque
1395 957 1591 1004 fideliter

191 1034 279 1080 sibi
310 1036 558 1081 consilium
593 1035 707 1081 olim
741 1033 1024 1079 dederamus
1055 1034 1185 1097 quod
1217 1051 1469 1081 numerum
1503 1037 1593 1082 mi-

190 1111 296 1156 litiae
319 1129 411 1157 suae
435 1112 670 1158 moderari
688 1120 735 1156 et
757 1110 1020 1157 diminuere
1047 1110 1256 1157 deberet.
1288 1112 1436 1174 Hujus
1465 1114 1593 1159 enim

191 1187 257 1231 rei
280 1189 425 1248 gratia
453 1198 647 1247 extunc,
673 1203 784 1234 cum
805 1203 854 1233 se
883 1187 944 1234 ad
971 1187 1125 1234 civilia
1148 1187 1271 1234 bella
1293 1190 1594 1246 convertisset

191 1263 361 1325 quibus
385 1281 582 1326 regnum
604 1274 757 1311 totum
782 1263 1098 1323 vehementer,
1130 1264 1251 1328 proh
1277 1264 1439 1311 doior!
1478 1282 1592 1312 con-

192 1352 461 1402 quassatum
490 1353 559 1389 est
581 1353 628 1390 et
655 1346 895 1403 attritum,
922 1358 1106 1407 semper
1130 1341 1378 1387 adversum
1402 1358 1489 1387 nos
1520 1343 1595 1387 in-

191 1417 511 1480 dignationem
537 1419 703 1465 habuit
730 1430 777 1466 et
815 1419 1016 1466 servavit
1046 1434 1058 1463 :
1094 1418 1225 1480 quasi
1262 1418 1361 1478 jam
1394 1427 1591 1476 extunc,

191 1509 299 1539 cum
337 1494 608 1556 hujusmodi
651 1496 900 1541 consilium
941 1493 1030 1540 sibi
1073 1494 1342 1556 exposcenti
1379 1493 1596 1540 dedimus

190 1569 339 1632 (quod
367 1570 451 1615 suit
473 1588 583 1617 cum
610 1572 817 1636 primum
841 1571 1018 1632 regiam
1039 1586 1173 1616 suam
1188 1570 1494 1617 Parisiensem
1511 1588 1596 1616 ur-

190 1644 301 1692 bem
323 1647 555 1706 introivit,
591 1649 785 1694 veniens
807 1665 861 1694 ex
893 1647 1047 1696 Remis
1077 1645 1161 1693 ubi
1184 1663 1323 1693 sacrae
1360 1648 1596 1694 unctionis

192 1741 362 1771 munus
381 1726 655 1789 receperat),
678 1727 882 1788 cogitare
906 1740 1148 1789 possemus
1164 1724 1237 1770 vel
1260 1724 1390 1788 quod
1418 1724 1506 1770 sibi
1529 1725 1598 1771 in-

194 1802 317 1858 ferri,
352 1802 423 1847 vel
450 1819 476 1848 a
511 1820 558 1848 se
593 1813 757 1848 contra
782 1803 1019 1864 sanguinis
1041 1802 1112 1847 sui
1139 1802 1374 1866 principes
1406 1819 1598 1865 promo·

194 1879 290 1924 veri
324 1888 369 1923 et
405 1880 613 1925 suscitari
638 1879 864 1926 deberent
885 1879 1009 1925 bella
1039 1879 1212 1936 civilia,
1253 1880 1333 1941 qui
1366 1880 1408 1925 ei
1432 1897 1596 1927 onmes

193 1965 304 2000 tunc
329 1965 458 2002 tanta
486 1956 802 2003 benivolentia
828 1966 872 2002 et
903 1957 1091 2002 caritate
1120 1956 1359 2018 conjuncti
1392 1967 1436 2002 et
1470 1967 1596 2003 tanta

192 2034 387 2098 parendi
413 2044 457 2079 et
480 2034 771 2097 obsequendi
791 2034 1162 2098 promptitudine
1187 2035 1386 2079 connexi
1406 2050 1503 2080 esse
1535 2034 1594 2080 ab

194 2110 413 2156 omnibus
432 2109 743 2174 putabantur!
782 2110 874 2156 Sed
903 2120 1026 2156 certe
1057 2126 1210 2172 neque
1234 2126 1413 2156 novum
1443 2127 1594 2173 neque

193 2204 352 2234 recens
380 2197 447 2234 est
474 2188 600 2250 quod
630 2188 830 2249 tragicus
859 2188 1028 2233 cecinit
1051 2204 1061 2232 ε

311 2309 501 2352 Oderunt
519 2326 628 2368 saepe
647 2325 765 2369 reges
784 2309 896 2351 dicta
918 2326 1011 2367 quae
1033 2309 1115 2351 dici
1129 2309 1298 2365 jubent;

194 2429 307 2474 illud
340 2430 479 2476 etiam
504 2430 633 2493 quod
664 2430 854 2491 insignis
886 2429 1292 2492 historiographus
1322 2430 1508 2492 Crispus
1545 2429 1590 2473 in

195 2507 514 2567 conjuratione
549 2507 677 2552 Lucii
708 2506 916 2553 Catilinae
947 2507 1182 2567 eleganter
1209 2506 1288 2552 ait.
1320 2526 1340 2547 α
1372 2508 1487 2550 Nam
1521 2521 1592 2550 re-

197 2580 352 2642 gibus,
383 2602 404 2623 »
430 2583 596 2645 inquit,
632 2603 652 2626 «
694 2583 810 2629 boni
835 2599 977 2646 quam
1008 2583 1118 2630 mali
1147 2583 1454 2646 suspectiores
1485 2592 1592 2628 sunt

195 2674 393 2720 semper,
420 2675 695 2720 semperque
715 2659 788 2704 his
808 2659 958 2705 aliena
975 2660 1121 2705 virtus
1138 2658 1443 2704 formidolosa
1462 2667 1544 2704 est.
1564 2677 1586 2700 n
