1875 2956
763 227 902 261 LIBER
931 224 1129 261 SEXTUS.
1618 230 1637 261 5

244 312 419 356 arcium
443 312 670 374 capitanei
699 322 743 357 ct
773 311 985 356 custodes
1025 311 1232 367 fuerant,
1275 310 1319 353 in
1354 319 1505 371 partes
1538 328 1640 357 suas

242 388 425 450 pellexit
444 398 486 433 et
509 390 707 435 attraxit.

306 469 531 513 Omnium
567 471 720 528 enim,
759 486 877 530 quos
907 476 1114 530 poterat,
1145 467 1328 511 animos
1369 465 1439 510 vel
1477 481 1639 511 mune-

241 542 368 588 ribus
389 544 531 602 datis,
567 546 637 590 vel
666 546 945 608 pensionum
977 559 1056 588 seu
1086 543 1323 587 honorum
1348 542 1641 605 pollicitatio—

243 619 381 665 nibus
404 621 719 683 pertentabat3
743 622 804 666 ita
821 630 889 678 ut,
910 619 1041 664 brevi
1065 620 1289 682 temporis
1312 635 1461 678 mora,
1479 635 1642 665 omnes

240 697 525 742 munitiones
546 697 604 742 de
627 696 926 742 comitatibus
952 695 1132 740 Pontivi
1157 705 1201 739 et
1224 695 1420 754 Artesiae,
1441 694 1642 758 demptis

239 774 416 836 paucis,
460 790 551 818 suae
591 773 849 818 affectionis
891 782 934 817 et
975 771 1167 818 ditionis
1199 771 1416 817 effecerit.
1464 773 1641 835 Sponte

239 851 411 912 quippe
455 849 743 895 deditionem
787 849 995 894 fecerunt
1034 849 1171 911 plura
1213 847 1396 893 illarum
1438 849 1641 911 partium

237 926 440 988 oppida,
488 936 538 970 ut
582 925 900 984 Abbatisvilla,
946 924 1327 983 Monsterolium,
1378 923 1637 983 Hesclc'nclz,

237 1004 443 1059 Perona,
469 1001 697 1047 Bethunia
710 1012 755 1048 et
779 1002 997 1056 Bolonia,
1026 1001 1171 1046 etalia
1188 1001 1292 1046 loca
1315 1000 1635 1063 quamplura&

238 1080 372 1124 Initio
391 1080 517 1124 enim
540 1096 617 1125 rex
652 1096 747 1124 non
776 1097 840 1137 se,
868 1080 994 1125 velut
1014 1079 1222 1136 hostem,
1252 1079 1430 1124 venisse
1455 1078 1513 1124 ad
1542 1078 1636 1123 hu—

230 1155 437 1216 jusmodi
462 1167 605 1202 terras
629 1156 929 1219 occupandas
951 1154 1160 1211 dicebat3
1189 1155 1269 1200 sed
1304 1171 1398 1213 eas,
1427 1164 1477 1199 ut
1515 1164 1638 1200 tuto-

235 1249 333 1278 rem
354 1234 611 1294 legitimum
634 1233 786 1278 filiolae
820 1249 936 1290 suae,
979 1242 1024 1277 et
1050 1232 1111 1277 ad
1134 1232 1203 1277 sui
1236 1231 1640 1277 conservationem

234 1325 288 1354 ac
327 1309 645 1355 defensionem
679 1309 819 1369 juris,
855 1308 942 1354 sub
971 1324 1053 1352 sua
1086 1323 1231 1352 manu
1265 1316 1309 1351 et
1347 1307 1638 1368 protectione

234 1388 447 1447 ponere².
477 1388 584 1430 Erat
607 1386 782 1447 quippe
806 1384 948 1447 ipsius
971 1383 1278 1446 principissae,
1312 1382 1461 1427 unicae
1485 1383 1639 1428 Caroli

233 1461 363 1506 ducis
386 1461 513 1519 filiae,
557 1460 805 1524 spiritualis
837 1461 883 1504 in
919 1476 1050 1506 sacro
1079 1459 1359 1522 baptismate
1388 1468 1520 1521 pater
1557 1475 1639 1505 seu

231 1538 466 1600 patrinus,
507 1553 704 1599 eamque
743 1536 800 1582 de
842 1553 973 1582 sacro
1018 1536 1146 1582 fonte
1185 1537 1419 1582 levaverat
1434 1538 1461 1581 ⁸.
1503 1537 1638 1583 Unde

231 1630 285 1658 ex
329 1613 422 1659 hoc
458 1613 769 1677 plurimorum
812 1613 870 1658 de
912 1613 999 1658 illis
1039 1613 1170 1658 terris
1211 1613 1419 1671 animos,
1466 1613 1546 1674 qui
1581 1629 1637 1658 ex

232 1688 323 1734 fide
360 1690 516 1752 potius
549 1705 691 1750 quam
720 1689 851 1735 aliter
886 1699 1055 1734 cuncta
1083 1689 1156 1750 agi
1191 1687 1540 1746 existimabant,
1577 1689 1637 1735 ad

231 1765 317 1811 sibi
353 1765 615 1828 parendum
645 1765 891 1811 alliciebat.
924 1769 1030 1810 Erat
1065 1765 1275 1828 profecto
1303 1764 1456 1810 eidem
1484 1764 1636 1811 filiolae

232 1857 323 1887 suae
362 1842 764 1905 consanguinitate
794 1843 1113 1906 propinquus,
1140 1857 1412 1903 quanquam
1442 1841 1519 1887 alii
1556 1859 1633 1888 su-

230 1930 493 1982 peressent,
547 1920 627 1982 qui
678 1919 823 1981 gradu
879 1919 1218 1982 propinquiore
1268 1918 1420 1963 eidem
1465 1918 1633 1981 junge-

230 2006 405 2041 rentur.

299 2077 358 2119 Ex
394 2073 569 2137 duplici
602 2074 757 2135 itaque
793 2073 971 2136 capite,
1012 2082 1239 2118 terrarum
1271 2087 1459 2118 suarum
1494 2082 1631 2133 atque

228 2149 435 2211 ejusdem
464 2150 821 2210 consanguineae
858 2166 949 2194 suae
979 2150 1169 2194 tutelam
1206 2159 1250 2195 et
1281 2149 1506 2210 gardiam,
1539 2166 1632 2212 prae

229 2227 426 2286 caeteris,
455 2225 630 2272 habere
665 2242 711 2271 se
742 2225 914 2271 debere
950 2225 1238 2272 affirmabat:
1277 2227 1387 2287 quia
1418 2226 1631 2272 videlicet

229 2302 326 2363 ejus
357 2303 651 2366 propinquus
685 2303 1084 2363 consanguineus,
1124 2312 1193 2362 et,
1231 2318 1339 2347 cum
1372 2303 1509 2365 longe
1539 2319 1629 2348 cae-

232 2379 336 2423 teris
361 2389 474 2424 esset
498 2379 735 2442 potentior
766 2378 825 2424 ad
850 2388 994 2424 terras
1021 2395 1075 2424 ac
1100 2378 1311 2424 dominia
1336 2379 1434 2441 ejus
1458 2379 1630 2424 tuenda

230 2464 275 2498 et
305 2454 623 2514 defendenda,
667 2455 726 2501 ad
760 2455 1031 2517 hujusmodi
1073 2456 1224 2501 tutelae
1255 2473 1427 2501 munus
1465 2458 1628 2500 merito

284 2570 320 2604 1.
350 2568 615 2604 Janvier-avril
636 2570 752 2606 1477.

283 2629 321 2667 2.
353 2629 513 2664 Ponebat
533 2630 624 2666 dans
643 2630 677 2666 le
697 2642 766 2666 mS.

287 2691 322 2726 3.
354 2690 431 2726 Elle
452 2691 538 2726 etait
554 2691 625 2726 nee
644 2691 810 2739 pendant
831 2704 898 2727 son
918 2692 991 2728 exil
1012 2705 1057 2728 en
1079 2691 1255 2728 Brabant.
