1875 2956
726 232 865 266 LIBER
894 233 1090 267 SEXTUS.
1538 238 1550 270 rl
1568 237 1610 269 17

284 318 453 361 Verum
475 333 582 362 cum
600 333 655 363 ea
675 334 798 363 nova
817 317 1025 380 tyrannis
1042 315 1302 377 insignibus
1322 317 1410 363 illis
1428 320 1612 380 oppidis

215 402 259 437 et
286 392 455 438 accolis
490 392 744 439 Brabantiae
778 403 822 438 et
846 393 1092 439 comitatus
1128 394 1454 439 Namurcensis
1480 394 1614 440 inno-

213 469 388 526 tuisset,
405 470 712 532 intelligentes
728 470 883 515 statim
905 469 1031 514 exitii
1054 469 1212 532 patriae
1232 485 1324 515 suae
1342 469 1613 533 impendere

214 545 494 603 discrimen,
537 548 622 593 nisi
659 547 900 609 protinus,
944 546 1073 608 quod
1114 546 1290 593 eisdem
1338 547 1615 593 imminebat

212 623 511 679 incendium,
562 633 813 685 antequam
850 622 1050 684 majores
1089 634 1292 670 sumeret
1344 625 1464 670 vires
1490 660 1501 682 ,
1542 626 1614 671 vel

211 701 464 762 praevenire
503 700 573 746 vel
605 699 835 746 suffocare
866 709 1107 757 curarent,
1141 701 1297 746 statim
1327 717 1436 746 cum
1461 701 1615 747 valida

212 793 355 823 manu
380 778 427 823 in
449 794 583 840 agros
618 776 898 824 Leodienses
920 777 1162 835 exierunt,
1189 788 1235 823 et
1264 778 1311 823 in
1345 779 1507 841 primis
1532 795 1615 842 op·

211 853 375 915 pidum
412 854 469 900 de
514 854 723 910 Hasselt,
766 853 1117 915 Brabantigenis
1151 864 1197 900 et
1236 855 1474 917 potissime
1506 859 1614 901 Bur-

210 930 526 990 gundionibus
558 929 692 976 valde
727 930 946 975 infestum
967 965 978 988 ,
1015 929 1095 976 nbi
1120 946 1147 977 a
1170 940 1371 993 tyranno
1393 932 1491 994 jam
1515 933 1612 978 coi-

209 1006 360 1052 locata
393 1006 629 1070 1‘›rzesidia¹
660 1005 943 1063 ferebantur,
981 1007 1166 1065 adorti,
1204 1008 1357 1071 ipsum
1391 1008 1614 1055 violentia

210 1095 524 1147 expugnatum
552 1086 840 1147 irrumpunt,
870 1094 915 1129 et
936 1085 1062 1130 caesis
1088 1101 1142 1131 ex
1169 1094 1300 1148 parte
1328 1101 1498 1146 magna
1521 1085 1612 1130 loci

209 1161 388 1206 civibus
407 1171 452 1207 et
474 1162 673 1219 accolis,
706 1160 971 1218 bonorum,
998 1177 1099 1223 quae
1124 1162 1217 1207 illic
1242 1161 1382 1207 etiam
1412 1162 1612 1206 inveniri

208 1238 534 1299 exportarique
574 1247 858 1300 potuerunt,
911 1235 1029 1281 facta
1068 1236 1359 1299 direptione,
1411 1236 1612 1282 flammis

207 1312 457 1358 voracibus
483 1314 530 1357 in
559 1313 736 1358 favillas
764 1322 809 1357 et
833 1312 1012 1357 cineres
1034 1312 1327 1358 tradiderunt
1349 1322 1487 1373 atque
1511 1313 1612 1358 reli·

207 1399 409 1450 querunt
423 1391 449 1433 ².

269 1465 433 1509 Statim
455 1465 596 1510 etiam
614 1463 845 1527 oppidum
861 1463 1270 1509 Sancti-Trudonis
1284 1465 1297 1486 ³
1319 1463 1609 1511 deditionem

204 1549 248 1585 et
272 1541 406 1603 plura
425 1541 514 1587 alia
537 1540 712 1604 oppida
737 1539 972 1600 fecerunt3
1004 1557 1105 1603 qute
1136 1541 1252 1586 tristi
1286 1543 1502 1605 exemplo
1536 1559 1610 1588 ex-

203 1617 313 1663 cidii
334 1618 392 1663 de
419 1617 606 1662 Hasselt
638 1617 858 1663 deterrita
885 1627 931 1663 et
964 1617 1203 1663 collocatis
1226 1617 1274 1662 in
1299 1618 1365 1663 eis
1387 1619 1608 1681 praesidiis

203 1693 397 1738 minime
428 1709 538 1740 ausa
563 1703 671 1740 sunt
696 1692 951 1739 confidere.
976 1692 1218 1756 Oppidum
1239 1693 1380 1738 etiam
1407 1693 1602 1751 Bc'lseffl,

204 1767 286 1813 ubi
322 1779 446 1825 erat,
483 1779 534 1814 ut
564 1768 813 1826 ferebatur,
857 1768 1124 1832 praesidium
1151 1767 1334 1813 circiter
1370 1779 1608 1814 sexcento-

204 1861 308 1889 rum
334 1846 643 1902 Clivensium,
682 1861 800 1907 quos
836 1846 883 1891 in
919 1845 1141 1890 auxilium
1175 1845 1361 1906 tyranni
1398 1845 1605 1907 sacrilegi

204 1922 297 1968 dux
337 1922 562 1969 Clivensis
594 1921 872 1979 destinarat,
912 1922 957 1967 vi
1001 1931 1343 1984 expugnatum,
1383 1921 1604 1967 incendio

203 1999 365 2045 datum
391 2009 485 2056 est,
513 1999 639 2044 ctesis
667 2016 692 2045 e
717 1997 1009 2044 Clivensibus
1034 2007 1080 2043 et
1110 1997 1210 2043 aliis
1236 1998 1316 2059 qui
1347 1997 1395 2042 in
1420 2013 1476 2043 eo
1498 1998 1604 2044 loco

202 2076 378 2122 inventi
408 2085 515 2121 sunt
534 2077 626 2120 ⁶....
655 2075 946 2138 Oppidulum
970 2090 1083 2119 vero
1109 2074 1384 2135 Alaesqrck⁶
1403 2074 1451 2119 in
1478 2074 1605 2120 dedi-

204 2153 379 2199 tionem
399 2162 505 2216 post
529 2152 622 2198 hoc
649 2153 803 2198 statim
823 2162 891 2197 est
916 2161 1174 2214 receptum.

256 2265 293 2302 1.
326 2266 396 2301 Ms.
419 2267 604 2300 collocatis
621 2265 824 2313 praesldiis.

255 2327 292 2361 2.
326 2328 374 2362 13
395 2325 607 2377 septembre
629 2328 744 2364 1482.

256 2388 292 2423 3.
324 2388 546 2426 Saint-Tron
569 2388 670 2425 avait
687 2388 751 2425 fait
771 2401 811 2425 sa
831 2387 1054 2425 soumission
1075 2387 1141 2424 des
1164 2389 1198 2425 le
1220 2390 1242 2425 4
1262 2387 1488 2439 septembre.

259 2451 295 2486 4.
326 2454 358 2486 A
375 2450 465 2488 trois
482 2450 598 2487 lieues
618 2450 664 2487 de
681 2450 914 2487 Maestricht.
943 2451 995 2486 La
1022 2450 1121 2499 prise
1141 2449 1187 2486 de
1209 2459 1305 2487 cette
1325 2450 1430 2500 place
1450 2458 1510 2485 eut
1532 2449 1603 2484 lien

204 2509 398 2560 beaucoup
418 2511 502 2562 plus
522 2511 624 2557 tard‚
646 2511 680 2547 le
700 2514 746 2547 17
769 2511 906 2548 l'e'vrier
926 2513 1040 2548 1483.

260 2574 295 2608 5.
326 2576 377 2608 Le
396 2572 554 2610 nombre
574 2573 638 2610 des
662 2582 797 2618 mmm,
826 2573 991 2623 quoique
1017 2573 1189 2609 annoncc'
1217 2585 1285 2621 par
1305 2573 1339 2608 la
1361 2580 1540 2607 tournurc
1558 2570 1603 2606 dr·

206 2633 239 2669 la
259 2633 412 2683 phrase,
435 2648 456 2670 a
478 2635 535 2670 ete
559 2635 666 2672 omis.

260 2700 295 2731 ὅ.
330 2698 519 2745 Maseyck,
540 2697 762 2733 au-dessotis
783 2698 828 2733 de
848 2695 1073 2733 Maestricht.
