1875 2956
239 249 312 284 34ss
806 252 1047 287 Avomcm
1062 281 1070 296 ‚

237 337 477 384 retulimus
495 341 522 394 ¹,
552 339 720 383 iterum
746 355 771 383 e
794 340 943 401 patria
966 349 1010 385 et
1043 339 1363 404 Rothomago,
1392 346 1472 391 ubi
1506 347 1635 394 inha-

236 412 466 473 bitabant,
494 415 540 459 in
564 415 775 460 exsilium
797 416 997 461 Parisius
1027 417 1320 480 expulerunt.
1349 423 1510 484 quue
1536 440 1633 469 non

237 492 469 548 contenti,
504 491 623 536 duos
654 501 935 538 mercatores
966 492 1024 538 de
1051 493 1373 557 Rothomago,
1401 498 1524 545 viros
1546 500 1634 546 ho-

236 577 418 626 nestOS,
457 569 503 613 in
537 585 773 614 carcerem
811 579 855 614 et
899 570 1111 629 vincula,
1154 580 1380 633 tanquam
1417 590 1519 621 reos
1550 578 1636 622 cri-

235 644 395 702 minis,
437 644 732 691 detruserunt
760 663 769 690 :
806 662 1009 708 quorum
1044 648 1159 692 alter
1194 648 1450 711 aliquando
1490 663 1635 699 certas

234 721 456 784 pecunias
475 723 532 768 ad
559 739 645 769 nos
667 723 897 769 detulerat
916 723 975 769 ad
994 724 1231 771 nundinas
1250 727 1630 790 Antvverpienses,

233 808 346 843 tunc
384 799 577 860 quidem
616 802 840 864 temporis
880 818 976 864 quo
1022 803 1142 848 inter
1184 819 1340 864 regem
1383 814 1428 849 et
1467 805 1634 853 ducem

234 875 511 936 Burgundiae
529 893 617 939 pax
633 879 810 941 optima
833 887 974 941 atquc
990 880 1193 925 amicitia
1215 880 1275 926 ab
1300 880 1521 927 omnibus
1540 899 1635 930 esse

232 951 535 1014 putabantur,
562 964 607 998 et
627 954 747 999 inter
771 956 1013 1017 utriusque
1040 957 1263 1020 principis
1287 967 1430 1004 terras
1453 974 1636 1004 eorum-

231 1044 323 1090 que
356 1029 567 1075 subditos
597 1047 758 1076 secure
784 1041 828 1076 et
856 1031 1000 1077 libere
1033 1033 1371 1080 exercebantur
1405 1051 1636 1081 commer-

231 1106 345 1163 cia23
385 1107 500 1152 alter
529 1123 640 1153 vero
680 1119 778 1154 erat
805 1109 952 1155 haeres
987 1110 1233 1172 cujusdam
1270 1113 1457 1174 cognati
1489 1115 1635 1160 nostri

231 1182 463 1242 defuncti,
510 1184 590 1246 qui
627 1185 883 1247 aliquando
929 1186 1002 1232 vel
1047 1187 1265 1250 epistolas
1305 1188 1377 1234 vel
1417 1205 1636 1236 nummos

231 1270 415 1305 nostros
437 1277 522 1324 per
544 1277 653 1307 suos
679 1262 902 1320 famulos,
933 1262 1046 1308 (lum
1073 1264 1273 1323 viveret,
1301 1264 1440 1311 nobis
1462 1266 1636 1313 misisse

230 1337 490 1383 dicebatur.
521 1339 613 1395 Qui
647 1349 898 1402 postquam
932 1341 1014 1386 diu
1042 1341 1199 1388 inedia
1225 1352 1269 1387 et
1300 1343 1516 1405 squalore
1541 1361 1638 1389 car-

231 1415 348 1460 ceris
373 1415 531 1460 afflicti
557 1415 773 1475 fuissent,
803 1433 900 1462 non
928 1418 1056 1480 prius
1085 1417 1196 1464 inde
1230 1420 1353 1465 exire
1382 1429 1635 1482 potuerunt

230 1506 373 1553 quam
393 1508 567 1553 magno
590 1495 689 1539 auri
711 1494 874 1556 pondo
900 1510 997 1539 sese
1022 1495 1306 1540 redimerent
1328 1496 1388 1542 ad
1408 1497 1632 1556 valorem,

229 1577 280 1612 ut
305 1567 537 1627 serebant,
565 1570 944 1630 octingentorum
964 1581 1207 1616 scutorum
1225 1572 1325 1616 auri
1349 1581 1395 1616 et
1413 1573 1629 1635 amplius.

294 1644 385 1689 Sed
407 1654 452 1689 et
478 1661 564 1690 nec
583 1646 647 1690 sic
664 1645 924 1708 plenariam
946 1646 1159 1692 intentati
1179 1647 1468 1693 calumniose
1486 1649 1533 1693 in
1554 1664 1635 1695 eos

229 1721 437 1766 criminis
466 1721 798 1778 abolitionem,
844 1723 924 1768 sed
961 1740 988 1769 a
1026 1724 1246 1769 carcerali
1288 1725 1501 1771 custodia
1536 1735 1636 1771 tan-

229 1798 504 1856 tummodo,
530 1798 616 1843 sub
650 1798 823 1844 idonea
861 1800 1080 1845 cautione
1099 1837 1109 1856 ,
1150 1800 1486 1846 relaxationem
1513 1801 1635 1847 obti-

229 1892 339 1921 nere
378 1885 656 1939 potuerunt,
688 1875 774 1921 sub
809 1877 1037 1923 continua
1062 1886 1214 1922 metus
1242 1887 1288 1923 et
1322 1878 1509 1940 pavoris
1543 1895 1637 1941 poe-

229 1953 473 1999 nosissima
494 1953 705 2016 profecto
737 1953 968 1999 anxietate
991 1953 1228 2016 degenteS,
1257 1970 1315 1999 ne
1351 1955 1424 1999 vel
1448 1955 1508 2000 ad
1532 1972 1637 2019 sup-

229 2030 367 2092 plicia
396 2031 653 2094 rapiantur,
682 2031 780 2091 vel,
807 2030 886 2077 ubi
913 2032 1070 2077 mitius
1102 2049 1211 2077 curn
1243 2032 1307 2077 eis
1332 2042 1561 2094 ageretur,
1587 2034 1634 2078 in

229 2106 387 2152 relicta
416 2108 479 2152 eis
516 2107 757 2153 bonorum
791 2125 984 2154 suorum
1024 2109 1208 2155 residua
1236 2110 1453 2173 portione
1489 2111 1635 2156 mulc-

230 2185 428 2228 tentur³.
474 2187 588 2230 Nam
626 2185 689 2230 illi
733 2186 903 2246 egregii
943 2187 1277 2243 connnissarii,
1319 2187 1397 2247 qui
1442 2186 1632 2232 eosdem

229 2259 525 2319 detinebant,
551 2271 819 2307 constanter
843 2262 1111 2309 asserebant
1138 2280 1217 2308 eos
1243 2279 1432 2326 poenam
1462 2263 1634 2308 confis-

285 2412 321 2446 1.
354 2408 572 2453 Ci-dessus‚
598 2423 634 2458 p.
660 2411 750 2447 312.

284 2476 323 2512 2.
354 2473 596 2510 C'cst-ii—dirc
617 2482 730 2510 avant
752 2474 785 2510 le
809 2473 904 2510 mois
925 2473 972 2511 de
995 2473 1079 2521 juin
1098 2475 1214 2513 1470.
1238 2476 1331 2522 Voy.
1366 2474 1559 2511 l'Histoire
1583 2476 1633 2512 du

230 2536 345 2586 regne
367 2535 413 2571 de
432 2535 546 2572 Louis
564 2537 639 2583 XI,
667 2544 692 2572 t.
722 2539 777 2582 11,
800 2549 839 2587 p.
863 2537 954 2573 219.

285 2600 321 2635 3.
352 2598 381 2634 Il
402 2611 427 2647 y
446 2597 548 2634 avait
564 2608 785 2645 raperentur
803 2607 838 2636 et
855 2601 1118 2634 mulctarentur
1136 2608 1208 2643 quc
1224 2597 1386 2635 l‘auteur
1405 2611 1426 2634 a
1442 2598 1608 2650 corriges
1622 2628 1632 2646 ‚

230 2674 376 2698 comme
413 2661 441 2697 si
474 2660 509 2697 la
544 2661 782 2710 persecution
813 2661 938 2698 durait
961 2674 1099 2699 encore
1123 2660 1293 2711 lorsqu'il
1325 2660 1457 2697 ecrivit
1483 2672 1525 2696 ce
1549 2672 1632 2709 pas-

230 2738 333 2776 sage.
355 2726 441 2762 Cela
457 2725 654 2762 nbanmois
672 2724 793 2774 parait
812 2739 885 2775 peu
905 2725 1101 2775 probable.
1125 2727 1219 2774 Voy.
1245 2724 1428 2762 ci-dessus
1446 2752 1455 2769 ,
1480 2737 1518 2773 p.
1540 2725 1628 2759 ⁹207.
