1875 2956
699 208 841 243 LIBER
870 208 1066 244 SEXTUS.
1531 209 1578 244 43

248 295 365 338 Cum
390 309 501 339 vero
524 311 603 340 rex
627 304 743 340 esset
768 294 995 351 Atrebati,
1023 293 1103 339 ubi
1125 302 1170 338 et
1194 307 1277 354 per
1298 308 1464 337 omnes
1491 304 1579 339 ter-

184 385 255 415 ras
274 371 456 416 Artesiae
486 381 529 416 et
553 372 734 417 Pontivi
762 372 1130 417 numerosiorem
1154 369 1301 413 multo
1325 368 1581 431 meliusque

183 447 322 491 armis
356 447 630 493 instructum
661 449 911 493 exercitum
942 447 1266 509 expeditorum
1291 445 1499 506 equitum
1530 463 1582 492 ac

183 522 393 585 peditum
427 524 625 570 effusum
659 523 882 577 haberet,
916 539 1012 567 non
1043 533 1199 568 tamen
1227 538 1365 568 ausus
1395 531 1463 567 est
1499 538 1583 566 ne-

182 614 273 660 que
301 601 549 646 consilium
582 610 661 645 aut
689 600 872 645 animus
903 598 989 644 sibi
1014 599 1096 644 fuit
1115 635 1126 656 ,
1158 598 1351 660 aliquod
1382 597 1583 661 oppido-

182 691 286 721 rum
319 677 450 723 ducis
475 676 722 723 obsidione
750 676 921 721 vallare
946 685 1026 721 aut
1053 676 1193 721 armis
1220 674 1408 737 aggredi
1440 690 1583 737 expu-

183 768 341 813 gnare,
365 770 419 799 ex
442 769 499 798 eo
522 762 751 815 tempore,
775 768 870 813 quo
890 752 1060 798 ducem
1082 752 1141 798 ad
1166 761 1375 815 patentes
1394 767 1584 815 campos

181 829 342 875 exiisse
365 829 601 890 cognovit.

246 905 491 950 Paululum
515 903 733 967 equidem
757 921 840 967 per
867 915 1003 952 antea
1024 906 1137 967 regii
1159 904 1439 968 oppidulum
1464 907 1584 950 Con-

183 980 342 1026 datum
356 982 617 1027 Hannoniae
637 980 913 1027 brevissima
933 981 1198 1036 obsidione,
1223 999 1332 1027 cum
1347 982 1586 1027 nonnullis

182 1058 336 1119 parvis
360 1058 586 1112 castellis,
624 1057 683 1103 ad
724 1056 1013 1103 deditionem
1047 1058 1309 1104 faciendam
1345 1058 1585 1120 compule-

184 1143 288 1179 rant
305 1139 331 1179 ².
362 1134 452 1179 Sed
477 1150 621 1197 quam
650 1136 856 1198 primum
880 1145 1205 1196 cognoverunt
1231 1135 1400 1180 ducem
1423 1151 1478 1179 ex
1502 1151 1587 1197 op-

182 1210 295 1273 pido
319 1213 549 1257 Montium
573 1213 866 1268 Hannonizffl,
888 1212 969 1257 ubi
989 1229 1094 1258 suas
1116 1213 1275 1275 copias
1296 1222 1583 1273 aggregarat,

183 1298 331 1335 castra
363 1306 552 1334 movere
569 1323 581 1345 ,
619 1291 780 1335 Franci
820 1290 900 1350 qui
927 1289 1126 1335 Condati
1152 1299 1498 1345 remanserant,
1528 1289 1586 1334 de

182 1365 273 1410 loci
302 1365 572 1410 defensione
601 1365 738 1409 diffisi
758 1402 769 1423 ,
804 1365 964 1410 relicto
996 1365 1174 1428 oppido
1209 1375 1254 1410 et
1288 1366 1334 1409 in
1362 1375 1493 1428 parte
1519 1366 1588 1410 in·

181 1457 322 1486 censo
348 1451 486 1502 atque
511 1440 712 1503 direpto,
734 1441 966 1486 abierunt.
992 1444 1046 1485 Et
1066 1441 1276 1486 similiter
1292 1441 1382 1487 alia
1402 1442 1588 1488 castella

180 1527 225 1562 et
259 1532 403 1573 arces,
444 1533 559 1578 quas
598 1518 816 1580 proximo
851 1527 958 1563 ante
991 1528 1279 1580 receperant,
1309 1529 1582 1564 vacuarunt.

248 1595 355 1638 Post
384 1592 504 1649 hoc,
538 1593 603 1637 uti
637 1592 838 1638 diximus
855 1630 866 1649 ,
893 1593 1022 1638 venit
1047 1593 1166 1652 dim,
1201 1603 1247 1639 et
1269 1595 1401 1655 juxta
1427 1594 1587 1639 villam

182 1669 293 1715 dicti
327 1670 747 1715 Pontis-Avendini
776 1681 926 1717 castra
948 1680 1148 1717 metatus
1171 1670 1292 1734 [est].
1329 1672 1446 1730 Qui,
1478 1689 1587 1717 cum

182 1746 379 1792 videret3
406 1745 610 1792 {trebati
647 1763 803 1807 legem
838 1748 965 1793 velut
1000 1748 1294 1804 delitescere,
1334 1765 1420 1793 nec
1455 1748 1587 1793 dimi-

183 1822 363 1869 candi
352 1840 400 1868 iu
430 1823 584 1886 palam
619 1833 665 1869 et
692 1824 862 1902 patulis
896 1825 1073 1887 campis
1104 1824 1255 1869 facere
1281 1825 1491 1887 copiam,
1519 1825 1586 1870 uti

184 1898 306 1945 sama
342 1899 590 1958 ferebatur,
631 1899 738 1945 eum
775 1917 913 1946 ausus
951 1911 1016 1946 est
1056 1918 1138 1964 per
1180 1902 1491 1947 inteinuntios
1527 1903 1585 1947 ad

184 1985 418 2022 certamen
439 1992 557 2039 prov
561 1993 721 2033 ocaie,
751 1987 795 2022 et
813 1977 873 2022 ad
893 1978 1110 2040 pioelium
1134 1978 1346 2040 patulum
1370 1995 1425 2023 ex
1429 1994 1583 2037 ocaie,

184 2061 229 2097 et
278 2052 357 2114 (ut
404 2053 542 2113 vulgo
590 2053 681 2098 dici
732 2054 878 2115 solet)
933 2053 1164 2100 diffidare.
1217 2055 1308 2100 Sed
1356 2016 1587 2117 quidquid

186 2129 294 2174 inde
332 2129 484 2188 fuerit,
524 2147 600 2178 rex
633 2131 792 2193 copias
833 2146 963 2189 suas,
1000 2131 1107 2176 licet
1135 2132 1362 2177 maximas
1401 2141 1447 2177 et
1477 2131 1588 2177 vali-

186 2204 396 2252 dissimas
428 2205 668 2266 habereffl,
703 2207 963 2269 periculum
1000 2208 1267 2254 certaminis
1300 2225 1396 2253 non
1435 2208 1587 2254 existi·
1622 2247 1628 2253 .

241 2367 277 2401 1.
308 2366 456 2412 Conde,
478 2366 619 2417 assie'ge
639 2380 708 2417 par
735 2367 769 2403 le
790 2367 846 2405 roi
873 2379 920 2405 en
943 2379 1154 2418 personne,
1180 2380 1219 2405 se
1239 2368 1362 2406 rendit
1385 2369 1419 2405 le
1442 2371 1493 2405 *1²¹
1513 2367 1586 2404 mai

191 2427 304 2462 1478.

241 2489 278 2524 2.
309 2491 416 2525 Mons
434 2503 480 2526 en
501 2490 678 2527 Hainaut.

244 2550 280 2584 3.
313 2552 489 2587 Viclerent
511 2552 603 2588 dans
622 2553 657 2589 le
677 2566 745 2589 ms.

246 2612 280 2646 4.
312 2612 414 2647 Trois
435 2613 534 2649 mille
556 2614 679 2650 lances
700 2623 733 2650 et
754 2615 889 2662 quinze
908 2615 1008 2651 mille
1027 2615 1337 2659 francs-archers,
1354 2614 1457 2649 selon
1479 2614 1583 2652 Moli-

194 2679 277 2715 net,
303 2679 328 2708 ί.
354 2675 411 2716 11,
433 2675 493 2709 cli.
516 2687 577 2709 Lx.
