1875 2956
221 243 270 279 20
582 232 923 272 HISTORIARUM
952 231 1186 267 LUDOVICI
1214 231 1268 265 xl

221 345 335 375 num
363 326 643 373 ssadensium
661 361 672 381 ,
703 322 842 367 frater
859 328 902 364 et
927 318 1047 363 filius
1069 316 1274 362 duorum
1296 317 1624 363 marchionum

222 406 302 468 qui
317 402 554 450 novissimi
573 401 775 455 suerunt,
792 406 834 442 et
854 405 1046 460 patruus
1069 392 1286 438 moderni
1302 393 1621 439 marchionis¹.

224 486 370 527 Porro
404 489 511 525 ante
548 476 831 540 praemiserat
858 473 982 518 idem
1012 472 1265 534 imperator
1291 471 1543 531 quemdam
1567 470 1631 515 vi-

223 577 327 605 rum
370 554 713 611 venerabilem,
741 551 1074 597 cancellarium
1118 564 1253 592 suum
1271 583 1283 606 ,
1325 547 1627 607 Georgium’,

225 635 495 700 Apostolicae
532 630 654 678 sedis
688 627 1097 692 protonotarium,
1122 625 1202 686 qui
1228 623 1473 684 diligenter
1492 633 1631 684 atque

224 710 447 771 sagaciter
471 707 733 770 exploraret
753 720 813 749 an
831 720 904 749 res
923 702 984 748 ad
1007 700 1318 746 intentionem
1345 715 1476 744 suam
1499 697 1634 762 perfi-

224 787 441 832 ciendam
458 784 690 847 (lispositae
702 781 877 837 forent,
908 781 969 824 ita
993 788 1044 823 ut
1064 794 1159 822 non
1181 777 1380 822 inaniter
1392 786 1437 821 et
1460 775 1635 820 infruc-

224 874 356 909 tuose
379 872 476 907 tam
496 859 717 906 solemnis
734 858 905 918 legatio
932 854 1159 901 mittenda
1182 870 1268 916 pro
1284 869 1332 898 re
1355 862 1482 898 tanta
1512 851 1636 896 vide-

226 950 368 985 retur.
395 941 553 997 Longe
579 935 792 1000 profecto
833 934 1054 979 differens
1073 941 1168 977 erat
1197 930 1256 975 al)
1285 946 1339 975 ea
1365 945 1508 991 quam
1528 945 1632 984 rex,

229 1017 293 1061 uti
317 1015 536 1071 diximus,
560 1013 704 1077 paulo
724 1021 831 1057 ante
851 1011 1065 1067 miserat,
1083 1008 1163 1069 qui
1188 1023 1324 1051 suum
1342 1006 1638 1052 barbitonso-

227 1111 325 1139 rem
370 1109 458 1157 pro
490 1108 538 1137 re
572 1092 687 1137 tanti
731 1088 958 1134 momenti
997 1087 1202 1147 legatum
1251 1085 1466 1139 miserat,
1511 1083 1636 1140 talis,

227 1171 414 1235 qualem
451 1169 677 1224 diximus,
722 1164 1025 1227 cognomenti
1068 1162 1203 1208 titulo
1248 1177 1334 1224 pro
1379 1162 1472 1207 suis
1506 1160 1641 1206 claris

231 1248 406 1293 meritis
439 1245 727 1306 insignitum.

298 1327 455 1385 ltaque
472 1339 581 1367 cum
600 1320 926 1382 cognovissent
946 1316 1119 1380 praefati
1143 1315 1279 1376 legati
1300 1313 1413 1376 quid
1433 1330 1517 1377 per
1535 1329 1646 1377 prae·

232 1402 375 1447 fatum
401 1400 649 1445 (lominum
673 1396 929 1456 Georgium
956 1409 1095 1455 super
1129 1409 1194 1449 re,
1232 1408 1319 1455 pro
1344 1407 1435 1453 qua
1465 1389 1647 1454 profec-

233 1479 322 1524 turi
348 1486 497 1532 erant,
523 1476 668 1520 suerat
693 1481 1024 1537 prteparatum,
1046 1486 1153 1515 cum
1178 1486 1258 1532 spe
1279 1469 1407 1514 hona
1431 1467 1646 1532 potiundi

235 1556 405 1619 optatis
429 1564 473 1599 et
491 1553 659 1615 cupitis
678 1549 971 1614 prcesentiam
999 1548 1140 1610 ipsius
1160 1546 1445 1609 principissae
1473 1555 1649 1591 mature

235 1632 485 1695 petierunt.
516 1630 599 1673 Cui
628 1644 758 1682 cum,
788 1642 947 1670 coram
973 1625 1083 1680 suis,
1111 1624 1432 1686 exposuissent
1455 1622 1652 1684 qualiter

238 1710 359 1753 inter
385 1705 745 1751 illustrissimum
772 1702 1047 1765 praedictum
1080 1701 1436 1762 imperatorem,
1470 1708 1651 1762 patrem

242 1785 321 1831 filii
349 1784 473 1830 unici
504 1781 831 1837 Maximiliani,
860 1789 901 1824 el
938 1779 1105 1823 inclitae
1139 1777 1477 1822 recordationis
1509 1780 1653 1823 Caro·

243 1864 364 1919 lum,
388 1861 558 1906 (lucem
584 1875 734 1922 nuper
757 1857 1030 1902 defunctum
1046 1891 1055 1909 ‚
1086 1855 1343 1916 genitorem
1367 1855 1510 1918 ipsius
1531 1855 1656 1917 prin·

246 1940 443 2002 cipissa’,
477 1935 812 2000 promissiones
844 1943 984 1995 atque
1020 1932 1297 1995 sponsiones
1323 1930 1514 1977 firmatae
1544 1931 1655 1976 suis-

247 2025 346 2061 sent
375 2015 432 2059 de
456 2011 726 2075 copulando
749 2011 869 2055 inter
891 2026 938 2054 se
961 2009 1182 2070 conjugio
1213 2008 1403 2053 eosdem
1432 2008 1654 2052 illustrem

248 2090 614 2137 Maximilianum
649 2097 788 2150 atque
824 2087 971 2150 ipsam
1012 2086 1357 2148 principissam,
1400 2083 1456 2129 de
1490 2083 1656 2145 hisque

303 2221 339 2254 1.
375 2217 540 2264 Georges
566 2213 611 2249 de
641 2212 762 2253 Bade,
791 2212 937 2260 echue
962 2211 1008 2247 ‹lc
1035 2213 1149 2255 Metz,
1180 2209 1269 2246 &tait
1296 2209 1351 2245 fils
1379 2208 1428 2245 du
1462 2222 1659 2260 margrave

249 2285 410 2328 Jacques
426 2305 434 2321 ‚
467 2283 561 2312 mort
593 2287 638 2309 en
666 2275 790 2317 4453,
815 2281 846 2309 et
877 2273 973 2309 frore
999 2273 1046 2308 (lu
1076 2284 1271 2322 margrave
1294 2270 1466 2317 Charles‚
1488 2279 1586 2307 mort
1612 2284 1658 2308 en

252 2342 369 2376 1475.
393 2342 445 2376 Le
466 2348 663 2386 margrave
682 2335 818 2379 actuel,
843 2348 909 2370 son
930 2348 1068 2382 neven,
1090 2334 1176 2370 ‹³›iaii
1198 2332 1442 2383 Christophe,
1464 2333 1527 2382 qui
1547 2334 1659 2370 vecut

249 2402 425 2451 jusqu‘en
451 2400 567 2435 1527.

307 2468 344 2501 2.
375 2464 404 2500 Il
427 2471 477 2500 est
501 2460 653 2498 nomme
672 2460 794 2497 Jooris
818 2459 863 2495 de
884 2460 1097 2496 Hei—stetero
1117 2460 1208 2496 dans
1229 2460 1262 2495 la
1283 2458 1425 2495 minute
1445 2458 1494 2495 du
1515 2468 1661 2497 contrat

254 2527 300 2563 de
328 2525 491 2574 mariage
512 2523 558 2559 de
580 2523 614 2558 la
637 2521 819 2558 duchesse
837 2550 845 2566 ,
875 2521 936 2570 qui
961 2530 1010 2557 esi
1035 2535 1107 2557 aux
1131 2521 1311 2557 Art-hives
1339 2521 1588 2570 provinciales
1617 2521 1662 2558 de

255 2591 286 2625 la
320 2587 480 2625 Flandre
509 2584 754 2621 occidentalv.
787 2585 998 2632 Clu-(mique
1023 2586 1087 2619 (les
1113 2586 1205 2632 faits
1231 2594 1265 2618 et
1293 2594 1408 2631 geistes
1437 2584 1663 2620 (ulmo-ables

255 2653 301 2686 de
322 2648 564 2686 Maximilien
586 2650 619 2690 I,
643 2645 842 2681 translatez·
862 2644 908 2680 de
927 2645 1089 2681 ssamand
1111 2659 1156 2682 en
1183 2645 1341 2694 srantjais
1363 2657 1429 2694 par
1449 2646 1531 2681 Oct.
1557 2645 1664 2682 Dele-

256 2713 377 2762 pierre
399 2709 640 2758 (Bruxelles,
665 2709 795 2755 1839),
820 2720 856 2757 p.
881 2709 969 2744 449.
