1875 2956
505 357 1113 427 HISTORIARUM

707 529 758 561 DE
781 529 911 562 REBUS

258 661 335 760 Α
429 656 1121 760 LUDOVICO
1218 657 1352 758 XI

460 863 912 922 FRANCORUM
963 864 1152 921 REGE

320 1028 384 1070 ET
409 1028 507 1071 SUO
531 1027 780 1072 TEMPORE
804 1028 861 1071 IN
884 1027 1082 1071 GALLIA
1104 1028 1287 1071 GESTIS

562 1177 755 1227 LIBER
796 1177 1062 1228 SEXTUS.

733 1324 869 1332 ——-

439 1419 820 1461 CAPITULUM
880 1418 1156 1461 PRtMUM.

104 1534 207 1577 Quod
240 1547 310 1567 non
340 1535 449 1567 luctus
487 1533 545 1567 sed
572 1534 688 1568 laetitia
713 1534 748 1567 in
779 1533 943 1568 Flandria
968 1542 999 1567 et
1021 1535 1208 1568 Brabantia
1239 1535 1301 1568 fuit
1328 1534 1371 1568 de
1396 1543 1505 1568 morte

151 1591 287 1633 Caroli,
305 1590 472 1636 principis
497 1590 570 1632 sui;
597 1599 628 1623 et
660 1589 702 1622 de
726 1591 930 1624 tumultibus
956 1603 995 1624 ac
1022 1589 1250 1624 seditionibus
1279 1591 1503 1637 popularium

150 1648 261 1682 statim
281 1656 359 1693 post
376 1647 578 1680 subsecutis.

170 1761 405 1806 Exstincto
458 1761 644 1819 Carolo,
697 1759 1085 1822 Burgundionum
1141 1760 1261 1806 duce
1282 1763 1309 1818 ¹,
1356 1760 1500 1806 modo

105 1855 244 1901 quern
263 1838 500 1901 superiore
519 1836 640 1883 libro
669 1838 976 1895 narravimus,
1003 1837 1155 1882 moesti
1187 1836 1378 1899 quidem
1403 1853 1500 1883 esse

103 1932 304 1977 eumque
329 1915 485 1976 lugere
508 1923 785 1977 potuerunt,
813 1914 893 1975 qui
918 1913 989 1958 vel
1012 1912 1072 1958 ad
1098 1930 1207 1958 eum
1229 1914 1380 1958 carius
1404 1911 1501 1958 affi-

103 1992 367 2051 ciebantur,
403 2001 481 2037 aut
514 1991 594 2053 qui
627 1990 713 2036 sub
746 2007 802 2035 eo
828 1991 1032 2035 lucrosas
1075 1990 1501 2036 administrationes

104 2079 240 2131 atque
269 2067 423 2114 officia
445 2066 748 2126 exercebant,
788 2067 859 2112 vel
899 2067 1010 2112 alias
1042 2067 1325 2130 compendia
1349 2084 1402 2114 ex
1442 2083 1499 2113 eo

103 2146 312 2210 accipere
334 2145 456 2191 soliti
487 2154 642 2204 erant,
687 2160 850 2188 verum
872 2143 921 2188 hi
944 2144 1082 2206 pauci
1118 2143 1379 2189 admodum
1404 2160 1497 2189 nu-

105 2240 258 2283 mero,
285 2223 482 2269 afiorum
505 2221 858 2284 comparatione
894 2220 973 2282 qui
1003 2220 1060 2265 de
1093 2220 1192 2282 ejus
1223 2236 1391 2266 occasu
1417 2220 1498 2265 1113-

103 2301 336 2348 tabantur.
365 2304 539 2346 Eorum
560 2300 735 2362 quippe
759 2315 890 2362 paene
914 2315 1136 2343 numerus
1155 2316 1253 2344 non
1277 2308 1397 2358 erat,
1420 2300 1498 2361 qui

104 2394 184 2440 per
222 2395 384 2424 omnes
425 2378 566 2423 ferme
604 2386 748 2422 terras
795 2392 923 2435 suas,
962 2377 1216 2439 praesertim
1242 2375 1496 2434 Flandriae,

105 2454 381 2513 Brabantiae,
414 2464 457 2499 et
490 2454 689 2517 reliquas
721 2470 823 2515 quae
858 2463 966 2498 sunt
992 2453 1161 2514 linguae
1198 2454 1496 2515 germanicae,

106 2530 276 2591 ingenti
299 2532 452 2577 laetitia
475 2529 791 2588 exsultabant,
830 2530 960 2592 quod
983 2531 1084 2577 talis
1110 2530 1291 2576 domini
1309 2530 1422 2591 jugo
1446 2545 1500 2574 ac

158 2669 195 2703 1.
226 2668 376 2703 Janvier
397 2671 413 2704 1
423 2670 494 2706 477
504 2698 512 2706 .

208 2744 253 2766 111
1322 2732 1337 2766 1
