1875 2956
209 245 284 280 :332
776 245 1025 281 APOLOGIA
1037 272 1046 288 ,

209 333 395 391 vatoris,
421 334 499 395 qui
529 334 592 378 ait
614 331 819 390 (Mattb7
846 332 903 389 Χ)
931 350 939 375 :
967 351 985 374 «
1015 333 1059 376 Si
1081 347 1165 376 vos
1187 336 1413 394 persecuti
1445 336 1614 381 suerint

208 409 255 454 in
284 425 376 454 una
398 410 599 464 civitate,
629 408 768 468 sugite
792 409 838 452 in
864 408 1019 453 aliam.
1047 426 1067 448 »
1086 407 1131 452 Si
1152 409 1278 452 enim
1299 411 1614 457 universaliter

210 495 489 549 potestatum
521 485 761 547 praeceptis
793 495 836 530 et
876 485 1055 548 absque
1084 485 1181 530 ullo
1216 485 1401 531 delectu.
1434 505 1614 552 semper

208 562 526 609 obediendum
553 572 687 622 esset,
719 578 964 626 nunquam
989 564 1121 608 locus
1143 562 1332 608 daretur
1363 565 1409 609 in
1433 582 1526 627 quo
1550 578 1615 613 ta-

210 640 323 684 lium
351 640 732 702 persequentium
756 649 836 684 aut
859 640 1075 703 persequi
1106 640 1370 685 curantium
1397 643 1614 689 sacritiam

209 724 348 773 atque
370 713 667 774 tyrannidem
694 713 928 759 declinare
953 713 1128 773 liceret,
1157 723 1203 759 et
1228 715 1292 759 sic
1317 715 1513 761 omnino
1534 733 1614 762 va-

208 806 350 834 cuum
389 800 528 852 atque
557 791 696 837 inane
736 791 1009 837 redderetur
1036 802 1322 855 praeceptum
1350 793 1495 837 nostri
1529 795 1615 838 Re-

209 866 482 929 ‹lemptoris‚
509 868 638 930 quod
664 885 758 913 non
785 868 930 913 modo
954 868 1118 927 verbo,
1147 868 1227 913 sed
1256 885 1397 931 opere
1426 879 1470 914 et
1496 869 1615 915 facto

210 943 304 1004 ipse
323 943 591 1005 praedicavit
612 953 657 988 et
677 943 855 988 docuit.
884 947 1017 1001 Nam,
1039 953 1091 989 ut
1110 959 1294 990 sacrum
1316 945 1616 1006 Evangelium

211 1020 369 1075 refert,
409 1021 506 1082 ipse
540 1020 587 1066 in
625 1020 803 1065 somnis
830 1036 912 1083 per
951 1020 1170 1081 angelum
1201 1021 1373 1084 Joseph
1400 1024 1618 1086 praecepit

209 1095 368 1142 dicens
392 1114 403 1142 ε
436 1116 457 1139 «
484 1098 630 1157 Surge
654 1107 698 1142 et
729 1098 887 1160 accipe
911 1113 1109 1160 puerum
1133 1107 1178 1142 et
1207 1108 1407 1143 matrem
1429 1099 1545 1160 ejus,
1573 1110 1617 1145 et

212 1174 314 1233 fuge
339 1174 386 1218 in
411 1177 688 1237 AEgyptum‚
716 1183 910 1235 estoque
940 1173 1006 1220 ibi
1038 1174 1191 1220 donec
1221 1174 1376 1220 dicam
1407 1174 1507 1220 tibi.
1538 1179 1620 1221 Fu-

211 1261 366 1296 turum
390 1261 455 1296 est
474 1252 599 1296 enim
619 1259 669 1296 ut
694 1252 901 1297 Herodes
925 1261 1100 1314 quaerat
1119 1268 1318 1315 puerum
1342 1253 1401 1299 ad
1424 1252 1618 1316 perden-

210 1329 340 1374 dum.
372 1348 393 1372 »
432 1329 566 1374 Unde
589 1329 699 1375 dicti
724 1330 909 1392 tyranni
936 1330 1155 1375 saevitiam
1179 1346 1266 1392 pro
1296 1331 1441 1375 nostri
1466 1331 1618 1376 erudi-

211 1407 337 1451 tione
358 1405 586 1462 devitans,
618 1407 709 1451 illic
732 1408 901 1452 mansit
926 1423 1073 1469 usque
1096 1406 1155 1453 ad
1183 1406 1369 1452 obitum
1389 1407 1612 1470 ejusdem.

274 1483 517 1544 Apostolus
541 1483 680 1528 etiarn
707 1484 875 1529 Paulus
893 1493 1245 1546 persecutorum
1266 1484 1507 1530 declinans
1532 1485 1618 1529 in]-

212 1559 419 1621 pietates,
446 1576 530 1622 per
552 1560 708 1621 sugam
726 1560 813 1605 sibi
832 1562 1065 1623 sapienter
1080 1561 1332 1620 consuluit,
1355 1578 1463 1606 cum
1485 1562 1619 1606 sciret

212 1636 510 1697 pra¹posit111n
540 1637 755 1681 Damasci
788 1636 847 1682 ad
876 1653 1038 1700 poenas
1072 1637 1391 1700 suppliciaque
1419 1654 1466 1682 se
1491 1653 1619 1682 com·

212 1711 504 1773 prehendere
539 1713 675 1758 velle.
719 1716 879 1759 Petrus
918 1715 1056 1759 etiam
1094 1715 1351 1778 apostolus,
1393 1732 1501 1759 cum
1536 1732 1620 1777 per

212 1788 445 1833 Herodem
478 1789 526 1833 in
559 1805 793 1835 carcerem
832 1791 1124 1853 lerosolymis
1155 1802 1306 1835 trusus
1336 1791 1491 1836 suisset
1519 1793 1534 1852 ι(
1539 1794 1617 1854 qui

212 1879 320 1906 eum
343 1862 529 1907 volebat
557 1863 616 1908 ad
642 1864 869 1926 supplicia
892 1863 950 1910 de
976 1880 1033 1910 eo
1056 1865 1283 1910 sumenda
1312 1875 1418 1928 post
1447 1866 1620 1927 pascha

214 1936 391 1999 populo
414 1937 540 1983 velut
558 1937 617 1984 ad
639 1939 957 2001 spectaculum
978 1938 1299 1984 exhibendum
1317 1939 1615 2002 producere),

214 2029 295 2075 per
325 2013 543 2075 angelum
577 2015 661 2060 Dei
696 2015 902 2060 monitus
933 2025 1072 2077 atque
1102 2016 1313 2077 adjutus,
1353 2032 1537 2061 carcere
1571 2032 1617 2060 se

213 2090 382 2152 eripuit
408 2100 453 2134 ct
477 2091 652 2137 eduxit.
687 2094 850 2138 Noster
871 2092 1012 2137 etiam
1042 2092 1342 2155 Redemptor,
1369 2109 1477 2136 cum
1500 2108 1618 2136 non-

214 2163 328 2208 dum
366 2164 623 2211 advenisset
661 2176 844 2229 tempus
887 2176 931 2211 et
963 2166 1081 2212 hora
1114 2167 1160 2212 in
1198 2183 1316 2229 qua,
1359 2166 1616 2212 secundum

214 2251 437 2287 aeternum
454 2259 545 2287 suae
565 2243 883 2305 dispositionis
900 2244 1164 2302 consilium,
1189 2260 1276 2306 pro
1298 2244 1619 2306 redemptione

216 2328 372 2364 nostra
412 2329 610 2364 mortem
655 2319 786 2364 obire
824 2329 868 2365 et
909 2320 1057 2365 crucis
1099 2320 1300 2381 perferre
1338 2321 1617 2382 supplicium

215 2395 488 2451 destinarat,
523 2396 773 2440 furentium
797 2396 1088 2453 Judworum,
1111 2405 1156 2440 et
1179 2412 1285 2440 euni
1311 2397 1383 2441 vel
1410 2398 1619 2459 praccipi-

217 2482 311 2517 tare
334 2472 392 2516 de
415 2473 585 2517 montis
602 2473 866 2535 supercilio,
892 2473 963 2517 vel
984 2472 1218 2534 lapidibus
1242 2483 1460 2535 oppetere
1480 2484 1618 2535 atque

216 2549 415 2594 obruere
452 2550 730 2599 volentium,
768 2566 885 2611 saepe
922 2550 967 2593 in
1006 2550 1144 2595 sacris
1177 2550 1424 2610 evangeliis
1457 2550 1620 2612 legitur

216 2627 560 2689 persecutiones
596 2626 819 2671 devitasse
855 2636 993 2688 atque
1029 2626 1266 2687 effugisse,
1294 2644 1380 2672 nos
1408 2628 1618 2690 profecto

218 2703 447 2747 instruens
472 2711 611 2764 atque
642 2703 955 2764 praemuniens
980 2712 1056 2761 ut,
1085 2720 1193 2748 cum
1217 2703 1354 2749 nobis
1384 2704 1495 2750 tales
1520 2720 1619 2766 per-
