1875 2956
715 230 862 264 LIBER
899 229 1093 264 PRIMUS.
1535 233 1607 268 325

206 316 486 379 patentibus,
508 318 555 361 in
573 333 734 362 secura
751 327 795 362 et
813 316 959 362 libera
975 317 1140 377 degere
1159 324 1447 378 paupertate,
1467 332 1608 376 quam

204 408 288 455 pro
332 409 735 456 quarumcumque.
774 410 919 456 opum
955 411 1062 456 spe,
1108 408 1223 454 quas
1265 392 1445 452 assequi
1474 409 1609 454 posse

202 469 425 514 aestimare
448 469 620 529 liceret,
648 469 734 515 sub
758 470 879 515 illius
898 485 1092 515 manum
1116 477 1162 513 et
1182 477 1277 513 tani
1307 466 1515 527 fragilem
1537 468 1608 513 lu—

201 543 473 609 bricamque
499 546 665 606 fidem,
693 562 833 608 quem
862 547 1001 592 talem
1032 547 1172 591 etiam
1198 544 1257 590 ad
1285 561 1371 589 nos
1397 546 1609 593 animum

202 638 357 682 gerere
380 624 712 686 comperimus,
734 639 820 668 nos
842 638 1069 685 reponere
1095 638 1104 665 ε
1134 622 1386 684 przesertim
1407 638 1516 667 cum
1538 639 1610 668 re-

200 699 382 744 sidendi
416 700 462 744 in
495 700 687 746 ecclesia
716 709 900 757 nostra,
939 699 1070 760 cujus
1110 698 1391 744 desiderium
1427 716 1512 744 nos
1548 700 1609 745 ad

200 777 527 823 rex‘ertendum
561 778 762 823 maxime
797 777 1120 841 persuaderet,
1169 788 1384 839 negatam
1428 795 1610 842 semper

201 852 466 898 facultatem
484 853 769 911 noverimus,
794 869 881 898 nec
904 853 952 899 id
972 852 1108 898 nobis
1131 853 1335 916 permitti
1358 853 1605 915 ullatenus,

198 930 338 976 etiam
369 947 455 993 pro
479 931 792 976 maximorum
820 940 960 992 atque
991 930 1406 976 illustrissimorum
1433 932 1607 994 princi-

198 1022 311 1068 pum
349 1008 676 1053 intercessione
712 1007 1022 1071 precibusque
1061 1008 1189 1054 factis
1226 1025 1313 1071 pro
1348 1008 1501 1075 nobis,
1535 1009 1607 1055 his

198 1084 487 1146 temporibus
508 1083 677 1146 quibus
700 1083 759 1129 ad
782 1101 938 1146 regem
966 1086 1192 1131 amicitias
1213 1086 1437 1132 maximas
1460 1103 1606 1150 copu-

198 1159 314 1203 lasse
339 1160 738 1220 existimabantur,
769 1177 795 1206 a
824 1177 930 1222 rege
958 1162 1206 1225 impetrare
1230 1164 1535 1225 potuerimus.

263 1236 463 1280 ,isset-uit
489 1236 628 1282 nobis
653 1237 794 1282 semel
822 1237 1016 1298 quidam
1046 1238 1192 1283 homo
1222 1239 1462 1299 insigniter
1496 1241 1604 1286 satis

196 1310 362 1358 doctus
395 1323 533 1375 atque
559 1314 802 1373 litteratus,
829 1330 927 1359 non
958 1315 1151 1376 quidem
1176 1316 1371 1376 vulgari,
1405 1315 1487 1360 sed
1509 1317 1602 1361 sin-

196 1388 341 1449 gulari
367 1388 504 1434 nobis
524 1390 727 1435 amicitia
743 1391 950 1451 junctus,
978 1390 1207 1436 audivisse
1231 1406 1278 1436 se
1303 1393 1602 1438 secretarium

194 1464 447 1525 quemdam
474 1465 766 1510 illustrissimi
789 1466 969 1512 domini
993 1466 1125 1511 ducis
1160 1468 1460 1527 Burgundiae,
1493 1470 1597 1531 qui,

192 1556 246 1584 ex
288 1542 417 1586 curia
452 1542 569 1602 regis
604 1542 663 1587 ad
697 1558 839 1604 quam
873 1558 960 1605 pro
998 1543 1237 1589 nonnullis
1272 1545 1422 1590 causis
1456 1561 1483 1591 a
1514 1563 1599 1592 suo

193 1615 339 1662 fuerat
359 1617 570 1681 principe
589 1617 863 1677 destinatus,
884 1628 1136 1676 revertens,
1157 1630 1379 1665 assereret
1395 1638 1442 1665 se
1462 1637 1488 1667 a
1506 1621 1598 1668 fide

192 1697 343 1757 dignis
365 1696 564 1742 audiisse
583 1698 630 1742 in
648 1698 815 1744 eadem
834 1698 964 1744 curia
984 1714 1137 1759 regem
1157 1701 1498 1747 comminatum
1517 1718 1598 1747 no-

193 1773 265 1818 bis
294 1775 561 1819 saevissimas
586 1791 766 1837 poenas,
795 1776 1094 1821 inimicorum
1117 1792 1366 1822 accensum
1387 1778 1598 1826 nefandis

193 1850 583 1910 suggestionibus,
609 1852 646 1896 si
666 1851 921 1913 aliquando
946 1868 1032 1897 nos
1053 1850 1139 1897 sub
1163 1868 1245 1898 sua
1271 1869 1415 1899 manu
1439 1865 1596 1902 tenere

193 1938 371 1989 posset,
412 1928 634 1991 quodque
667 1946 722 1975 ex
758 1928 894 1974 nobis
922 1939 968 1975 et
997 1929 1055 1974 de
1079 1929 1233 1988 nobis,
1260 1931 1389 1992 quod
1416 1935 1595 1979 cunctis

192 2006 357 2051 merito
371 2015 597 2051 terrorem
611 2006 801 2052 deberet
820 2006 1044 2065 incutere,
1065 2006 1291 2069 praeberet
1306 2010 1589 2073 exemplum.

192 2085 373 2128 Avertat
404 2086 528 2128 Deus
551 2083 610 2128 ab
634 2083 855 2129 omnibus
883 2084 976 2129 suis
999 2083 1215 2129 fidelibus
1236 2094 1330 2131 tam
1359 2087 1484 2132 triste
1510 2105 1591 2150 pa-

192 2159 491 2222 vendumque
540 2159 834 2223 prodigium!
881 2160 1020 2216 Quod
1071 2162 1154 2206 etsi
1203 2163 1404 2222 nemini,
1450 2164 1589 2210 etiam

191 2238 488 2297 quantumvis
506 2238 714 2296 inimico,
735 2237 935 2283 ominari
952 2237 1200 2295 vellemus,
1222 2238 1303 2284 uhi
1325 2249 1482 2285 tamen
1503 2241 1592 2286 tale

191 2312 380 2374 aliquod
413 2313 656 2377 disciplina
684 2313 874 2377 publica
899 2314 1112 2376 salusque
1136 2317 1293 2378 patriae
1325 2319 1590 2380 exemplum

192 2387 392 2447 praestari
415 2387 704 2450 deposceret,
732 2398 999 2451 optaremus
1027 2391 1183 2452 potius
1210 2391 1259 2435 id
1283 2391 1341 2437 de
1375 2393 1484 2448 alio,
1512 2393 1591 2437 tali

192 2461 502 2506 exsecratione
529 2461 672 2522 digno
696 2479 750 2507 ac
775 2462 897 2508 bene
923 2463 1106 2521 merito,
1145 2464 1246 2510 dari
1281 2483 1360 2510 seu
1386 2468 1586 2529 praestari

192 2536 471 2597 exemplum,
499 2554 641 2599 quam
663 2539 790 2601 quod
809 2539 867 2584 de
891 2539 1027 2585 nobis
1047 2541 1173 2604 ipsis,
1192 2542 1361 2587 nullius
1381 2544 1587 2589 criminis

193 2609 355 2670 procul
376 2609 520 2655 dubio
547 2613 760 2671 consciis,
783 2625 1058 2659 sumeretur.

258 2688 369 2740 Quae
390 2703 460 2731 res
483 2688 638 2745 etiam,
659 2689 851 2733 cumbis
871 2707 972 2751 qua·
991 2691 1088 2751 jam
1110 2692 1196 2737 late
1219 2692 1474 2752 retulimus,
1505 2712 1590 2740 nos
