1875 2956
289 225 336 259 48
648 224 984 259 HISTORIARUM
1012 225 1245 262 LUDOVICI
1276 226 1331 261 XI

286 324 436 353 annos
476 318 716 372 pactarum
756 318 800 352 et
838 308 1106 354 solemniter
1135 311 1395 370 juratarum
1419 327 1530 358 cum
1570 312 1690 358 duce

287 386 473 443 tlarolo,
505 396 633 449 patre
673 385 881 447 ejusdem
913 387 1224 449 principissae,
1270 388 1442 449 integre
1480 390 1694 435 redderet

287 473 425 524 atque
448 463 735 508 restitueret:
767 462 1025 508 indicantes
1047 463 1257 526 profecto
1295 481 1341 509 se
1368 467 1521 527 potius
1553 467 1693 512 sortu-

288 555 397 584 nam
422 549 462 583 et
483 549 703 583 eventum
734 537 844 584 belli
871 556 978 584 cnm
1004 556 1108 600 rege
1132 540 1269 586 malle
1298 543 1521 603 opperiri,
1550 560 1692 605 quam

288 616 345 661 de
371 616 472 660 ullis
502 632 609 660 eum
644 615 812 661 eodem
848 616 1065 661 ineundis
1104 617 1403 679 pactionibus
1438 619 1555 664 velle
1585 637 1694 665 con-

290 692 446 737 fidere.
488 695 553 737 lta
589 693 714 737 enim
759 693 920 755 opinio
967 694 1176 751 sinistra,
1220 694 1349 755 quod
1393 712 1471 740 rex
1519 698 1694 742 nemini

291 785 500 829 unquam
542 767 712 828 fidem,
758 771 1057 831 quantumvis
1106 771 1376 817 solemniter
1416 773 1692 835 promissam

289 856 427 908 atque
449 847 677 908 juratam,
709 864 890 892 servare
916 860 1209 907 consuesset,
1234 850 1447 895 omnium
1486 851 1691 913 ipsorum

289 922 457 967 animis
495 922 566 983 (ut
603 923 700 983 jam
738 940 857 987 sirpe
904 924 1122 985 diximus)
1160 926 1414 984 insederat,
1462 936 1511 971 ut
1540 925 1599 971 ab
1641 943 1696 973 ea

292 999 417 1044 nulla
457 1000 502 1044 in
541 999 790 1045 adversum
812 1002 1113 1063 persuasione
1148 1012 1227 1047 aut
1259 1002 1586 1048 exhortatione
1628 1003 1694 1048 di-

291 1076 395 1121 velli
421 1085 498 1120 aut
523 1075 752 1121 dimoveri
773 1093 908 1139 posse
936 1077 1223 1123 viderentur.

358 1155 409 1197 Et
446 1152 638 1214 quidem
672 1169 776 1209 rex,
819 1153 949 1216 quod
986 1154 1122 1215 (eum
1160 1164 1329 1215 treugae
1368 1155 1462 1199 istae
1503 1156 1693 1201 annales

291 1229 413 1273 inita²
444 1228 651 1287 fuerant,
680 1240 725 1275 et
752 1240 937 1293 tempus
965 1240 1009 1275 et
1034 1231 1189 1285 loeus,
1218 1230 1276 1276 ad
1312 1230 1693 1276 conveniendum

292 1322 377 1368 pro
406 1307 650 1352 tractanda
685 1307 757 1352 vel
781 1324 921 1370 pace,
953 1308 1022 1352 x‘el
1053 1308 1364 1370 productione
1398 1317 1689 1369 treugarum,

292 1382 520 1443 condicti)
557 1394 743 1446 cuperet
785 1400 948 1446 pacem
980 1384 1241 1441 conciliari,
1276 1383 1559 1447 quibusdam
1589 1385 1695 1430 satis

295 1458 618 1521 probahilibus
651 1460 834 1505 indiciis
866 1461 1146 1506 ostenderat.
1189 1464 1305 1506 Nam
1337 1471 1379 1506 et
1408 1461 1579 1505 militiae
1602 1477 1693 1505 suae

294 1533 603 1595 stipendiariae
636 1535 761 1579 mille
801 1544 845 1579 et
886 1535 1084 1596 amplius
1121 1535 1328 1590 lanceas,
1370 1544 1473 1597 post
1514 1544 1694 1596 treugas

294 1610 565 1671 hujusmodi
591 1627 858 1672 percussaS,
890 1621 1147 1657 cassaverat
1163 1613 1171 1633 ¹
1188 1648 1199 1667 ,
1225 1621 1270 1656 et
1292 1614 1325 1655 T
1329 1611 1689 1668 ornaeensibus,

295 1686 425 1748 quod
450 1687 497 1730 in
517 1696 654 1732 antea
687 1688 899 1750 praesidia
931 1704 1013 1733 sua
1046 1689 1238 1733 minime
1262 1688 1492 1750 recepturi
1512 1688 1661 1732 forent
1681 1724 1692 1745 ,

295 1773 610 1819 concesserat,
652 1764 733 1809 sed
774 1781 870 1809 sese
916 1775 1140 1827 tanquam
1190 1765 1420 1809 neutrales
1457 1764 1699 1809 continere

296 1850 514 1904 possent3
543 1850 588 1885 et
622 1840 711 1886 alia
738 1841 966 1887 nonnulla
1002 1842 1171 1887 fecerat
1203 1851 1341 1902 atque
1368 1841 1569 1900 dixerat,
1598 1858 1699 1903 quae

296 1917 624 1975 verisimiliter,
664 1917 698 1962 si
740 1934 835 1963 non
869 1928 1070 1980 optasset
1101 1928 1239 1980 atque
1269 1927 1492 1981 sperasset
1523 1917 1580 1962 ad
1615 1933 1698 1980 pa-

296 2010 399 2038 cem
443 1994 513 2039 vel
566 2004 777 2055 treugam
823 1995 1124 2057 prolixiorem
1169 1994 1382 2040 debuisse
1427 1994 1693 2056 pervenire,

300 2071 490 2116 minime
520 2072 729 2117 dicturus
754 2072 1015 2118 facturusve
1043 2073 1213 2119 suisset.
1248 2076 1420 2118 Verum
1446 2071 1523 2116 illa
1545 2071 1699 2116 existi-

299 2148 466 2206 matio,
494 2164 636 2209 quam
663 2149 720 2194 de
754 2150 872 2210 regis
895 2149 1015 2195 dolis
1046 2159 1091 2194 et
1120 2148 1341 2212 perfidia,
1377 2148 1442 2192 uti
1473 2146 1696 2203 diximus,

297 2223 487 2270 infixam
508 2224 764 2282 habehant,
783 2242 864 2271 eos
885 2226 1249 2289 pertinacissime
1268 2224 1482 2282 detinuit,
1500 2232 1569 2281 ut,
1592 2239 1698 2268 cum

297 2317 376 2360 eo,
404 2319 542 2365 super
572 2318 686 2364 pace
710 2303 782 2347 vel
817 2303 1068 2365 prolixiore
1098 2312 1283 2362 treuga,
1317 2300 1499 2345 nullum
1528 2309 1698 2345 tracta-

299 2388 396 2422 tum
429 2388 507 2424 aut
535 2389 821 2423 conventum
844 2378 1005 2423 haberi
1035 2378 1201 2423 xellent
1219 2414 1230 2435 ,
1259 2377 1346 2421 nisi
1370 2377 1497 2437 prius
1525 2385 1694 2432 terras,

296 2471 411 2515 quas
434 2465 537 2517 post
568 2454 748 2499 obitum
774 2454 905 2499 ducis
927 2455 1104 2511 Caroli,
1136 2463 1299 2500 contra
1326 2463 1538 2499 tenorem
1566 2453 1699 2498 inita-

351 2586 385 2618 1.
418 2584 521 2619 Cotto
541 2582 736 2618 reduction
758 2590 811 2617 est
831 2583 1030 2631 rapp‹›rt‹s=e
1051 2595 1118 2632 par
1138 2582 1441 2632 l'Interpolatcur
1462 2582 1508 2618 de
1529 2582 1561 2617 la
1585 2580 1692 2617 ebro<

296 2645 409 2693 niqw·
429 2644 670 2681 scandaleuse
690 2657 736 2679 au
759 2644 851 2679 mois
871 2643 917 2679 dc
939 2656 1036 2679 mars
1057 2643 1103 2679 de
1128 2644 1275 2680 l'a11n‹'›e
1298 2646 1412 2680 itm).
1437 2642 1695 2691 Bibliotheque

297 2707 340 2741 dc
364 2699 500 2742 [Ecole
519 2706 583 2741 des
603 2705 764 2745 chartes,
789 2715 815 2741 1.
840 2707 873 2742 ΙΙ
898 2708 949 2752 <4²
971 2706 1094 2752 serio),
1117 2720 1154 2756 p.
1181 2708 1268 2743 568.
