1875 2956
265 277 337 311 35ss
817 273 1065 308 APOLOGIA
1084 300 1093 313 ‚

267 383 287 405 «
323 362 446 422 Vidi,
486 383 505 404 »
542 361 689 423 inquit
722 369 908 404 sanctus
941 357 1048 418 Job,
1081 377 1102 401 «
1132 359 1336 420 gigantes
1360 377 1541 423 gemere
1577 360 1664 407 sub

263 440 413 503 aquis,
446 458 467 481 υ
495 438 542 483 id
566 447 633 483 est
653 436 740 482 sub
765 452 894 496 cura,
921 435 1083 482 labore
1106 445 1152 481 et
1171 435 1428 482 innumeris
1449 439 1668 484 sollicitu-

262 516 474 575 dinibus,
507 531 610 578 quae
642 514 903 559 necessario
935 513 1171 558 cohaerent
1198 513 1411 573 regimini
1446 524 1489 559 et
1516 515 1666 560 admi-

261 591 522 638 nistrationi
546 590 832 654 populorum
854 607 863 634 :
894 591 1100 651 gigantes
1125 589 1366 653 appellans
1395 589 1667 638 sublimatos

260 669 306 713 in
328 667 648 728 dignitatibus,
671 666 842 729 quibus
863 683 983 712 onus
1004 676 1047 711 et
1072 682 1184 712 cura
1206 665 1489 711 incumbunt
1506 683 1666 729 regen-

259 745 431 789 dorum
455 746 759 808 populorum.

323 825 423 866 Hoc
449 832 606 867 autem
639 822 776 867 latius
809 821 901 866 hoc
929 820 1037 866 loco
1069 821 1332 885 approbare
1368 821 1502 877 velle,
1539 822 1667 882 quod

258 898 471 944 videlicet
493 898 740 959 dignitates
762 898 1096 961 honorumque
1120 898 1450 961 temporalium
1471 898 1663 959 fastigia,

255 992 336 1021 seu
362 976 407 1020 in
432 975 751 1021 ecclesiasticis
777 991 859 1021 seu
881 975 928 1020 in
949 975 1287 1038 temporalibus
1310 974 1668 1021 administratio-

256 1053 419 1113 nibus,
462 1053 789 1098 divitiarumve
830 1063 875 1098 et
910 1063 1202 1098 terrenarum
1242 1069 1388 1116 opum
1429 1053 1667 1099 affluentia

256 1140 395 1192 atque
429 1129 721 1175 abundantia
752 1130 946 1175 minime
980 1129 1145 1176 beatos
1178 1130 1406 1187 efficiant,
1447 1146 1667 1192 superva-

256 1224 399 1253 cuum
434 1216 727 1270 reputamus,
762 1224 871 1252 cum
899 1207 993 1252 hoc
1017 1208 1208 1271 copiose
1232 1218 1277 1253 et
1305 1206 1668 1253 luculentissime

257 1284 384 1348 apud
421 1283 670 1328 Boethium
704 1283 1006 1347 philosophia
1037 1284 1253 1330 ostendat
1282 1294 1325 1329 et
1351 1285 1664 1339 demonstret,

256 1362 303 1405 in
352 1360 483 1405 libris
530 1362 599 1404 De
653 1360 976 1406 consolatione
1028 1361 1369 1424 philosophiae,
1427 1360 1668 1422 multoque

256 1438 397 1483 etiam
430 1437 614 1500 plenius
648 1446 787 1500 atque
822 1437 1013 1484 uberius
1041 1438 1099 1484 de
1129 1438 1294 1484 eadem
1318 1455 1366 1484 re
1388 1437 1669 1502 perpulchre

257 1515 486 1560 disserens
512 1515 733 1575 Poggius,
763 1526 922 1561 orator
948 1517 1225 1561 florentinus
1256 1517 1399 1561 nostri
1428 1515 1665 1578 temporis,

258 1592 304 1636 in
331 1590 453 1636 libro
486 1607 626 1653 quem
657 1591 802 1636 edidit
831 1595 899 1636 De
932 1593 1198 1638 infelicitate
1227 1593 1512 1655 principum.
1544 1591 1670 1647 Quid

257 1667 383 1712 enim
429 1667 555 1711 aliud
609 1677 785 1712 canunt
831 1677 1041 1713 xetcrum
1087 1668 1360 1731 conscript-(e
1406 1667 1665 1729 tragoediae,

257 1743 371 1806 quid
412 1743 647 1802 historiae,
687 1760 802 1805 quas
843 1744 901 1789 de
942 1745 1188 1789 illustrium
1232 1746 1442 1789 xirorum
1486 1743 1670 1789 casibus

259 1821 561 1884 quamplures
583 1830 760 1865 veteres
782 1821 1158 1883 recentioresque
1177 1819 1542 1883 historiographi
1559 1837 1670 1865 con-

258 1897 563 1961 scripserunt,
615 1913 758 1959 quam
805 1897 1011 1942 infelices
1062 1898 1348 1959 miserosque
1392 1907 1436 1943 et
1475 1897 1671 1943 calami-

262 1983 387 2019 tosos
412 1975 561 2019 exitus
592 1990 758 2019 eorum
782 1975 863 2036 qui
887 1975 1101 2020 maximis
1125 1975 1381 2038 aliquando
1405 1974 1539 2038 potiti
1563 1985 1670 2020 sunt

262 2052 559 2098 honoribus?

328 2131 392 2174 Ex
428 2130 599 2192 quihus
634 2130 815 2192 liquido
849 2140 893 2175 ct
928 2130 1169 2176 exidenter
1205 2131 1384 2175 cunctis
1426 2131 1581 2193 palam
1620 2130 1670 2176 fit

264 2206 393 2267 quod
433 2209 668 2253 neminem
707 2207 978 2269 hujusmodi
1015 2207 1222 2254 honores
1253 2218 1391 2269 atque
1423 2207 1670 2268 dignitates

264 2283 455 2328 beatum
477 2284 702 2342 efficiunt,
727 2285 807 2330 sed
829 2286 1010 2345 magnis
1031 2286 1185 2349 potius
1204 2302 1369 2330 eorum
1384 2302 1671 2348 possessores

263 2361 502 2423 implicant
531 2372 670 2422 atque
696 2362 1029 2408 molestissimis
1061 2363 1204 2421 curis,
1237 2373 1280 2407 et
1313 2363 1599 2425 frequentius
1621 2363 1668 2408 in

267 2438 494 2486 maximas
516 2439 803 2485 infelicitates
827 2450 871 2485 et.
892 2440 1098 2486 miserias
1120 2440 1391 2486 detrudunt.
