1875 2956
771 207 912 242 LIBER
949 205 1147 242 SEXTUS.
1601 210 1649 244 25

252 304 449 356 stragem
473 293 726 353 dederunt,
765 295 824 340 ita
861 304 909 339 ut
945 309 1060 339 caesa
1080 292 1262 338 circiter
1286 308 1347 335 vn
1370 293 1512 338 millia
1533 295 1649 339 viro-

252 387 355 416 rum
380 370 677 429 referrentur,
722 371 836 427 aliis,
880 371 957 431 qui
990 369 1111 414 elabi
1149 367 1366 414 manibus
1403 367 1650 414 hostilibus

251 457 528 511 potuerunt,
558 447 645 492 sibi
682 464 763 510 per
807 457 991 509 turpem
1025 455 1070 491 et
1097 446 1457 507 ignominiosam
1494 444 1648 506 sugam

250 523 640 569 consulentibus¹.

315 602 363 643 In
390 616 446 644 eo
482 615 670 662 quoque
707 596 955 655 beneficio,
985 598 1081 661 ipse
1117 598 1259 643 totius
1292 598 1404 658 regii
1425 601 1650 647 exercitus

250 676 343 721 dux
369 677 518 722 dictus
541 676 762 721 dominus
783 675 840 720 de
858 678 1031 730 Craon,
1054 674 1140 720 sibi
1165 674 1430 738 praesidium
1446 693 1647 739 ponens,

250 754 412 798 mortis
436 763 544 797 tunc
582 752 725 797 evasit
748 752 1036 814 periculum,
1066 761 1111 797 et
1138 750 1293 813 fugere
1323 768 1420 796 non
1448 752 1618 799 destitit
1636 792 1646 805 ,

249 830 406 874 castris
435 838 479 873 et
507 828 654 890 copiis
678 836 858 886 exutus,
888 827 1041 873 donec
1064 827 1124 873 ad
1148 837 1349 873 castrum
1374 827 1432 872 de
1457 830 1646 892 Ll'glly²,

248 905 294 949 in
315 915 435 950 terra
462 904 700 960 Barrensi,
728 919 824 948 sese
868 904 1056 967 recepit.
1100 903 1378 966 Hujusmodi
1404 906 1530 949 enim
1557 922 1651 952 cas-

248 991 369 1025 trum
395 997 473 1026 rex
500 979 585 1026 sibi
623 980 764 1043 paulo
791 989 898 1026 ante
935 980 1195 1026 donaverat
1217 980 1276 1025 de
1315 979 1650 1028 confiscatione

247 1055 485 1102 bonorum
521 1057 703 1102 comitis
725 1057 1052 1102 Sancti-Pauli.
1085 1060 1184 1120 lpse
1211 1074 1338 1112 vero,
1380 1057 1517 1102 nimis
1535 1075 1650 1121 prae-

247 1143 550 1197 sumptuosus
574 1144 618 1179 et
635 1133 864 1197 superbus
882 1135 1003 1195 {talis
1023 1135 1149 1180 enim
1174 1135 1369 1180 simulet
1391 1135 1648 1181 admodum

247 1225 413 1256 avarus
428 1212 643 1257 exsistere
660 1212 974 1256 communiter
993 1211 1244 1273 ferebatur)
1255 1249 1264 1270 ,
1276 1212 1410 1257 valde
1429 1212 1647 1272 ignavum

245 1296 288 1331 et
322 1288 517 1334 inertem
558 1305 606 1333 se
641 1287 858 1333 ostendit.
897 1288 989 1343 Qui
1012 1304 1121 1332 cum
1159 1297 1266 1333 ante
1303 1288 1473 1332 certior
1505 1288 1650 1332 factus

246 1362 399 1410 fuisset
424 1365 481 1410 de
504 1364 724 1409 omnibus
748 1381 849 1426 quae
876 1364 951 1421 hi,
974 1365 1053 1425 qui
1073 1365 1195 1409 intus
1220 1363 1395 1409 obsessi
1416 1374 1459 1409 et
1482 1365 1562 1425 qui
1592 1365 1649 1410 de

244 1439 353 1483 foris
378 1440 597 1485 advenire
621 1450 859 1502 poterant,
887 1440 1006 1484 inter
1029 1457 1076 1485 se
1094 1441 1295 1486 invicem
1316 1440 1645 1499 condixerant,

244 1532 337 1561 non
384 1516 516 1561 aliter
557 1516 645 1562 sibi
682 1527 821 1579 atque
859 1518 1103 1574 exercitui,
1136 1519 1210 1563 cui
1241 1528 1456 1582 praeerat,
1486 1534 1649 1565 cavere

243 1601 381 1655 atque
395 1593 644 1657 providere
669 1595 863 1640 curavit.

310 1669 443 1715 Unde
470 1687 570 1729 rex,
609 1670 774 1715 nuntio
799 1670 1124 1732 hujuscemodi
1151 1671 1295 1717 cladis
1312 1681 1522 1734 accepto,
1551 1688 1647 1718 non

243 1762 386 1809 parvo
412 1746 574 1791 dolore
590 1762 850 1809 percussus,
876 1748 1002 1808 gravi
1020 1749 1159 1793 etiam
1180 1748 1247 1792 ira
1262 1757 1304 1792 et
1326 1746 1648 1808 indignatione

241 1824 461 1869 adversus
497 1824 648 1886 ipsum
684 1824 929 1869 dominum
970 1825 1028 1869 de
1069 1827 1225 1870 (ἲν-(1οη
1270 1840 1492 1870 accensus
1528 1824 1641 1878 suit3

242 1917 383 1963 quem
401 1901 437 1945 si
460 1901 507 1945 in
527 1900 744 1946 manibus
764 1911 892 1957 tunc,
912 1901 1216 1963 flagrantibus
1238 1902 1282 1945 in
1303 1918 1359 1946 eo
1376 1901 1645 1963 hujusmodi

241 1977 552 2041 passionibus,
579 1978 838 2037 habuisset,
862 1979 1172 2024 verisimiliter
1191 1995 1352 2042 poenas
1385 1977 1444 2024 ab
1469 1995 1525 2024 eo
1554 1996 1646 2025 suae

240 2054 611 2118 improvidentiae
638 2065 775 2118 atque
802 2056 1091 2117 negligentiae
1113 2056 1350 2117 exegisset.
1375 2057 1516 2117 Atque
1541 2057 1646 2101 satis

240 2131 430 2193 periculi
451 2132 521 2177 sui
535 2132 767 2187 conscius,
782 2133 828 2176 in
844 2132 969 2176 dicto
995 2131 1244 2177 fortissimo
1259 2142 1409 2177 castro
1425 2132 1482 2177 de
1501 2133 1645 2196 Ligus

240 2225 286 2254 se
307 2209 555 2266 continuit,
572 2209 725 2254 donec
740 2210 917 2270 regium
938 2209 1148 2255 animum
1163 2246 1174 2267 ,
1201 2210 1401 2270 quaesitis
1416 2210 1645 2254 interven-

241 2284 462 2343 tionibus,
495 2286 781 2348 pacatiorem
829 2285 1044 2331 effectum
1071 2302 1324 2349 agnoscere
1348 2297 1531 2349 posset3
1557 2286 1644 2331 dis-

241 2365 461 2411 simulans
503 2382 590 2429 pro
629 2376 842 2429 tempore
874 2366 934 2412 ad
972 2367 1146 2428 regiam
1189 2366 1410 2412 accedere
1447 2383 1643 2430 prasen-

243 2442 376 2501 tiam,
397 2443 501 2488 licet
525 2460 607 2506 per
621 2444 812 2489 nuntios
842 2454 885 2489 et
911 2444 1128 2506 epistolas
1147 2460 1223 2489 rex
1246 2443 1465 2489 eumdem
1493 2458 1643 2487 accer-

296 2561 330 2595 1.
364 2562 477 2597 1“οιι
500 2564 521 2598 4
540 2561 694 2598 octobre
719 2564 831 2599 1477.

295 2622 331 2656 ⁶2.
365 2621 613 2667 Aujourd'lmi
648 2624 741 2660 dans
766 2624 800 2660 le
825 2624 1086 2674 dc'partement
1113 2625 1158 2661 de
1177 2625 1211 2661 la
1238 2627 1385 2666 Mense,
1407 2621 1641 2659 arrondisse-

242 2691 343 2718 ment
365 2682 410 2719 <le
432 2684 671 2721 Bar-le-Duc.
