1875 2956
698 212 840 247 LIBER
869 206 1116 246 SEPTIMUS.
1534 214 1606 247 163

215 308 337 343 tutus
361 298 562 345 libertati
588 309 728 362 atque
752 300 1037 357 auctoritati,
1064 298 1325 358 'trajectum
1353 297 1413 342 ad
1437 299 1607 360 princi-

212 390 321 436 pem
345 376 488 434 venit,
516 386 655 438 atque
679 393 784 423 cum
812 377 1025 422 omniurn
1054 375 1292 420 bonorum
1316 373 1543 436 applausu
1567 385 1612 420 et

212 466 320 495 cum
342 452 516 513 ingenti
543 453 698 499 laetitia
720 462 934 516 receptus
958 462 1183 514 tanquam
1205 451 1427 496 dominus
1454 451 1553 495 l'uit.

278 531 483 574 Durante
501 538 656 575 autem
672 529 936 587 obsidione,
954 528 1129 574 volavit
1146 543 1308 572 rumor
1325 527 1433 573 satis
1451 527 1614 588 ingens

213 605 341 665 quod
363 605 459 650 dux
483 606 704 651 Clivensis
729 606 983 651 exercitum
1007 604 1265 669 adparabat
1289 614 1334 651 et
1356 620 1615 667 congrega-

211 680 293 727 bat
324 692 374 727 ut
396 682 762 744 Trajectensibus
789 681 1004 741 obsessis,
1034 682 1164 744 juxta
1193 681 1323 744 quod
1349 683 1616 745 promisisse

214 757 461 818 serebatur,
489 754 731 805 succursus
750 757 976 822 praeberet
997 759 1178 805 solatia.
1204 758 1295 805 Sed
1313 775 1422 804 cum
1446 759 1617 805 coactis

213 835 360 898 copiis
382 852 496 898 quas
519 836 777 882 adsciscere
799 844 1000 899 poterat,
1027 852 1075 881 se
1098 836 1237 882 nimis
1259 851 1458 881 numero
1482 845 1528 881 et
1549 835 1618 880 vi-

213 911 340 957 ribus
363 912 540 958 videret
556 913 844 972 inferiorem,
864 912 996 959 domi
1013 912 1233 973 substitit,
1256 929 1342 959 nec
1364 913 1486 958 ultro
1509 928 1618 975 pro-

214 990 342 1051 gredi
365 1007 504 1037 ausus
530 990 629 1036 fuit.

277 1070 445 1114 Mansit
476 1079 634 1115 autem
663 1068 858 1131 Trajecti
895 1068 987 1115 dux
1022 1070 1120 1132 ipse
1157 1069 1498 1116 Maximilianus
1523 1069 1621 1116 dies

214 1144 385 1190 multos
421 1163 529 1192 cum
565 1146 658 1191 suis
691 1145 933 1191 militibus.
970 1147 1062 1203 Qui
1087 1163 1196 1192 cum
1220 1147 1524 1194 innumerosa
1550 1164 1620 1194 es·

213 1232 315 1266 sent
341 1223 639 1268 multitudine
672 1233 719 1269 et
738 1223 974 1269 variarum
1002 1224 1270 1285 linguarum
1300 1234 1439 1287 atque
1475 1226 1622 1271 natio-

215 1315 345 1358 num,
369 1300 446 1346 alii
467 1300 605 1356 Galli,
629 1300 705 1346 alii
729 1301 940 1363 Hispani,
964 1301 1040 1346 alii
1064 1302 1324 1360 Teutonici,
1350 1301 1427 1346 alii
1448 1311 1494 1346 et
1513 1318 1620 1365 pars

214 1392 382 1438 magna
415 1377 472 1422 de
504 1377 723 1423 inferiore
752 1377 1050 1434 Alemannia,
1079 1377 1267 1423 difficile
1291 1376 1504 1423 cohiberi
1527 1395 1620 1441 po—

213 1462 402 1498 tuerunt
445 1470 502 1499 ne
543 1454 780 1499 civitatem
819 1454 1076 1516 diriperent
1118 1469 1172 1499 ac
1217 1454 1487 1517 spoliarent.
1532 1455 1622 1501 Sed

212 1539 442 1591 quantum
477 1529 626 1575 facere
664 1530 819 1593 potuit
854 1530 951 1593 ipse
984 1530 1349 1576 humanissimus
1377 1531 1618 1596 princeps,

213 1624 271 1652 ne
294 1607 342 1652 id
366 1606 496 1653 fieret
520 1606 714 1663 obstitit,
743 1624 906 1653 curam
936 1606 1119 1653 habens
1147 1617 1193 1653 et
1217 1624 1411 1654 omnem
1443 1609 1502 1655 ad
1529 1610 1622 1655 lioc

212 1680 443 1727 adhibens
466 1681 832 1727 sollicitudinem
860 1690 912 1727 ut
934 1680 992 1726 de
1016 1681 1250 1744 stipendio
1279 1684 1534 1728 constituto
1558 1685 1622 1730 eis

213 1759 517 1819 satisfaceret,
549 1759 611 1805 ob
639 1760 770 1822 cujus
792 1759 1040 1806 solutionis
1063 1758 1299 1803 defectum
1320 1758 1408 1804 sibi
1433 1760 1480 1804 in
1509 1767 1648 1824 prae-‘

214 1836 324 1882 dam
349 1837 521 1883 debere
546 1837 751 1901 permitti
784 1837 1021 1883 civitatem
1057 1835 1387 1881 causabantur.
1418 1839 1523 1882 Non
1555 1848 1622 1885 ta-

214 1931 321 1959 men
340 1914 458 1960 adeo
477 1932 624 1978 usque
641 1914 871 1960 contineri
888 1923 1160 1977 potuerunt,
1183 1914 1296 1976 quin
1318 1914 1621 1977 particulares

213 1992 390 2054 praedas
419 2003 465 2038 et
495 1993 682 2057 rapinas
715 2001 907 2054 agerent
935 2000 1074 2054 atque
1098 1991 1272 2037 damna
1300 1991 1348 2036 in
1375 1993 1622 2055 quamplu-

214 2068 341 2115 ribus
377 2071 554 2116 aedibus
588 2071 865 2131 irrogarent.
907 2071 959 2114 In
1000 2068 1157 2114 multis
1190 2084 1360 2131 nempe
1399 2068 1621 2115 domibus

214 2146 331 2193 ostia
361 2163 415 2193 ac
439 2148 676 2206 fenestras,
704 2146 921 2192 detractis
946 2145 1252 2203 ferramentis,
1287 2155 1543 2208 caeteraque
1569 2147 1621 2192 li-

215 2239 332 2284 gnea
363 2224 618 2270 domorum
650 2225 960 2270 instrumenta
989 2221 1361 2279 comburebant3
1390 2239 1494 2282 nec,
1526 2240 1620 2286 prae

215 2300 528 2361 multitudine,
555 2302 613 2348 de
645 2302 838 2364 hujusce
858 2300 1036 2347 delictis
1061 2316 1210 2364 poenae
1232 2300 1353 2345 sumi
1382 2309 1615 2362 poterant.

216 2377 333 2422 Cum
352 2379 479 2424 enim
499 2378 556 2424 de.
581 2378 866 2441 quibusdam
890 2394 945 2423 ex
962 2377 1089 2441 ipsis,
1113 2378 1195 2440 qui
1218 2376 1403 2440 capitali
1425 2377 1619 2422 crimine

217 2455 515 2502 condemnati
542 2466 696 2515 erant,
735 2455 1018 2519 supplicium
1049 2454 1332 2500 sumendum
1357 2453 1496 2512 foret,
1523 2470 1619 2499 sese

218 2529 266 2574 in
290 2548 436 2579 unum
459 2550 625 2595 agmen
648 2549 819 2595 magna
837 2531 1163 2595 hujuscemodi
1190 2532 1462 2593 iniquorum
1484 2530 1620 2576 turba

219 2620 451 2669 cogentes,
478 2628 582 2656 reos
605 2611 835 2673 supplicio
868 2610 1095 2656 violenter
1119 2617 1391 2656 exemerunt
1423 2625 1433 2651 ε
1467 2607 1615 2669 quod,

220 2701 278 2730 ne
314 2687 496 2746 gravius
525 2687 813 2748 contingeret
855 2686 1154 2745 scandalum,
1193 2685 1395 2732 inultum
1430 2685 1616 2732 mansit.
