1875 2956
634 247 777 282 LIBER
814 247 1059 283 SEPTIMUS.
1475 252 1547 286 195

589 443 924 486 CAPITULUM
969 443 1109 485 XVII.

317 583 539 629 Comparatio
557 597 693 618 morum
710 585 817 630 ipsius
834 582 877 617 ad
899 592 1028 617 veteres
1044 583 1193 629 insignes
1206 590 1372 629 tyrannos

218 719 267 761 ln
289 717 544 780 plerisque,
568 718 647 779 qui
669 718 914 780 tyrannide
935 718 1098 764 famosi
1122 718 1271 764 effecti
1297 728 1420 776 sunt,
1446 719 1553 780 legi-

154 810 257 839 mus
277 795 493 839 nonnihil
513 796 755 840 inventum
783 812 902 855 esse,
931 795 1084 857 quod,
1113 796 1201 841 nisi
1221 797 1447 841 scelerum
1470 796 1554 841 im-

154 871 373 917 manitate
395 871 663 931 foedassent,
686 871 789 933 jure
808 872 988 918 laudari
1018 873 1261 936 potuisset.

218 951 267 992 In
319 948 499 994 Phalari
520 984 530 1005 ,
586 949 987 1010 Agrigentinorum
1030 960 1257 1012 tyranno,
1305 952 1458 1013 cujus,
1503 962 1553 997 ut

153 1025 314 1069 Cicero
330 1025 408 1083 ait,
427 1035 590 1088 praeter
611 1035 691 1072 aut
713 1043 852 1090 supra
875 1037 1065 1072 caeteros
1088 1029 1352 1085 crudelium,
1373 1041 1415 1075 et
1440 1031 1555 1075 litte-

154 1114 309 1143 rarum
335 1099 546 1159 scientia,
571 1110 615 1145 et
637 1101 904 1163 eloquentia
929 1102 1037 1146 satis
1061 1102 1253 1163 insignis
1274 1104 1462 1162 enituit,
1489 1105 1555 1149 uti

152 1175 410 1221 luculenter
428 1176 681 1222 ostendunt
709 1178 887 1240 scriptae
911 1194 995 1241 per
1019 1194 1128 1223 eum
1149 1179 1210 1224 ad
1234 1179 1441 1226 diversos
1463 1182 1556 1243 epi-

152 1252 295 1297 stolae.

218 1331 268 1372 In
295 1330 403 1374 Caio
426 1330 570 1374 Mario
602 1329 870 1391 eloquentia
896 1347 991 1374 non
1020 1347 1162 1392 parva
1193 1331 1304 1390 suit,
1331 1342 1381 1377 ut
1414 1333 1556 1395 ipsius

152 1405 276 1449 testis
295 1415 359 1449 est
382 1405 530 1449 oratio
557 1420 699 1466 quam
718 1405 778 1450 ad
797 1405 1027 1468 populum
1051 1408 1314 1451 Romanum
1333 1407 1556 1454 efficacis—

152 1480 316 1526 simam
340 1480 557 1525 habuisse
595 1481 816 1541 legimus,
852 1481 1015 1543 Crispo
1058 1481 1274 1527 Sallustio
1308 1483 1552 1531 referente.

154 1559 250 1618 lpse
274 1572 463 1618 quoque
490 1557 688 1617 ingentis
711 1558 878 1613 animi,
903 1558 1006 1603 licet
1030 1558 1198 1604 humili
1226 1560 1366 1623 stirpe
1391 1573 1551 1619 natus,

150 1632 258 1677 artis
282 1633 490 1678 militaris
512 1633 771 1678 admodum
796 1635 968 1697 peritus
993 1644 1301 1698 strenuusque
1324 1637 1419 1683 dux
1443 1639 1552 1697 suit3

152 1725 259 1754 nam
309 1710 405 1772 ipse
457 1709 695 1769 Cimbros,
750 1712 972 1756 Romanis
1021 1711 1206 1757 arcibus
1256 1723 1300 1757 et
1358 1715 1555 1777 imperio

151 1785 408 1847 quidquam
432 1786 579 1832 hostis
604 1796 756 1849 potest
787 1787 1080 1845 minitantes,
1103 1788 1201 1850 jam
1237 1788 1448 1836 faucibus
1472 1794 1557 1839 Ita-

152 1862 248 1919 liae,
292 1862 528 1909 horrenda
561 1873 710 1924 strage
748 1864 942 1921 delevit3
982 1865 1288 1927 decretusque
1320 1867 1367 1911 in
1408 1868 1555 1916 Africa

152 1940 314 1984 consul
345 1951 508 1986 contra
543 1941 846 2002 Jugurthffln,
884 1942 1194 1987 Numidarum
1237 1960 1392 2004 regem
1430 1946 1555 1991 calli-

152 2016 394 2062 dissimum
419 2027 556 2080 atque
576 2028 845 2081 potentem,
875 2018 1007 2064 brevi
1044 2020 1267 2082 temporis
1293 2037 1449 2080 mora,
1486 2023 1552 2068 la-

150 2092 345 2138 boribus
383 2104 521 2156 atque
553 2095 739 2141 solertia
782 2096 993 2141 maximis
1037 2106 1225 2159 captum
1264 2114 1372 2142 eum
1412 2109 1550 2161 atque

151 2171 358 2215 vinctum
372 2172 572 2217 Romam
586 2172 724 2230 misit,
742 2171 1012 2234 bellumque
1026 2173 1179 2235 ipsum
1197 2177 1219 2219 J
1223 2174 1545 2235 ugurthinum,

152 2248 279 2310 quod
302 2258 408 2293 ante
443 2265 551 2294 eum
591 2249 672 2294 diu
699 2259 987 2312 protractum
1018 2249 1180 2309 suerat,
1219 2267 1388 2312 magna
1412 2252 1552 2297 felici-

152 2334 242 2370 tate
264 2325 480 2372 confecit.
509 2325 598 2371 Sed
621 2326 704 2371 has
727 2326 868 2389 ipsius
893 2326 1082 2371 virtutes
1105 2337 1149 2372 et
1174 2327 1379 2389 ingentia
1404 2328 1545 2389 facta,

153 2416 235 2462 per
257 2401 463 2448 crudelia
494 2419 577 2465 per
613 2419 721 2447 eum
753 2412 916 2465 postea
950 2403 998 2446 in
1024 2403 1240 2449 concives
1276 2414 1403 2463 acta,
1441 2421 1549 2450 cum

155 2493 200 2521 se
224 2487 473 2538 tyrannum
491 2480 790 2525 saevissimum
814 2480 1033 2525 adversus
1056 2480 1346 2527 nobilitatem
1372 2493 1414 2527 et
1439 2499 1550 2528 con-

157 2555 396 2601 trariarum
420 2558 622 2619 partium
642 2557 874 2603 studiosos
898 2557 1199 2617 exhibuisset,
1229 2559 1326 2621 ipse
1351 2559 1546 2605 nimium

156 2628 417 2676 obscuravit
435 2632 730 2693 foedavitque.

223 2705 271 2747 [n
300 2706 439 2749 Lucio
461 2707 583 2766 Sylla
606 2706 689 2751 fuit
718 2716 763 2751 et
790 2707 1045 2753 litterarum
1080 2717 1271 2753 ornatus
1314 2724 1422 2752 cum
1455 2711 1549 2756 elo-
