1875 2956
678 235 819 270 LIBER
859 234 1122 270 SECUNDUS.
1527 235 1598 270 367

197 323 350 384 risque
393 322 633 368 canonicis
676 322 879 384 antiquis
925 321 1176 384 privilegiis
1218 330 1264 366 et
1312 319 1602 368 libertatibus

195 397 485 444 earumdem.

261 474 386 529 Quin
428 475 568 520 etiam
612 473 970 539 surripientibus
1014 474 1186 536 iniquis
1232 483 1278 518 et
1322 473 1603 536 importunis

194 548 458 612 quibusque
482 551 775 608 hominibus,
809 548 1042 611 quidquid
1066 548 1124 594 de
1155 548 1432 594 inferiorum
1460 547 1604 593 eccle-

193 627 488 673 siasticorum
519 628 762 674 titulorum
786 625 1100 683 ordinatione,
1126 625 1200 671 vel
1219 625 1404 687 justitiae
1434 625 1507 670 vel
1535 624 1603 670 in-

187 701 373 763 justitiae
397 703 685 749 exhibitione
709 700 917 758 mandet,
943 700 1097 763 pareri
1119 700 1207 745 sibi
1226 700 1342 760 vult,
1367 700 1497 745 nullo
1520 699 1600 745 de-

191 781 313 827 lectu
357 781 522 828 habito
538 818 549 840 ,
594 782 771 844 justum
819 789 958 841 atque
1004 795 1192 841 aequum
1232 779 1281 825 id
1328 780 1601 843 iniquumve

191 859 393 919 exsistat,
420 858 642 920 nullaque
662 859 712 903 in
741 856 1030 903 contrarium
1057 856 1354 902 excusatione
1378 855 1595 902 admissa.

191 935 332 990 Quod
358 936 444 998 ipsi
470 952 605 998 saepe,
634 935 749 981 dum
773 934 847 980 vel
868 933 915 978 in
941 933 1133 979 ecclesia
1164 943 1323 979 nostra
1346 932 1601 978 residentes

190 1010 345 1057 adhuc
372 1028 593 1071 essemus,
625 1012 699 1057 vel
729 1011 843 1057 dum
875 1009 963 1055 sibi
991 1010 1039 1054 in
1069 1010 1288 1056 exercitio
1315 1010 1600 1056 cancellariae

189 1086 236 1131 in
264 1088 508 1134 Catalonia
537 1088 833 1144 serviremus,
870 1102 968 1131 non
1002 1086 1101 1131 sine
1130 1086 1288 1131 multis
1317 1086 1524 1149 suspiriis
1546 1101 1601 1133 ac

189 1165 452 1225 gemitibus,
479 1165 601 1229 proh
626 1162 787 1210 dolor!
813 1164 989 1227 experti
1010 1180 1194 1222 sumus;
1221 1162 1304 1208 ubi
1322 1163 1450 1209 nulla
1468 1179 1599 1226 paene

188 1257 399 1303 unquam
424 1241 484 1288 ab
511 1258 568 1287 eo
592 1242 814 1288 mandata
837 1241 910 1286 vel
934 1241 1152 1304 epistolas
1178 1240 1484 1303 suscepimus,
1511 1241 1599 1286 nisi

187 1317 259 1363 vel
282 1335 367 1381 pro
384 1319 607 1381 injustitia
630 1319 766 1365 alicui
793 1318 1022 1374 facienda,
1048 1317 1122 1363 vel
1143 1334 1231 1380 pro
1253 1317 1598 1379 requirentibus

186 1403 326 1457 atque
355 1396 581 1442 instanter
609 1395 878 1459 petentibus
901 1395 1077 1458 justitia
1096 1393 1375 1456 deneganda
1400 1410 1482 1439 seu
1510 1394 1597 1440 dif-

187 1470 393 1518 ferenda.

251 1545 392 1601 Quod
412 1546 568 1608 igitur,
598 1545 877 1609 disponente
902 1544 987 1590 Dei
1009 1544 1277 1603 clementia,
1300 1544 1381 1589 tali
1399 1543 1596 1590 domino

185 1619 448 1683 talibusque
482 1623 630 1668 anxiis
662 1632 706 1667 et
738 1620 969 1685 perplexis
997 1619 1296 1666 servitutibus
1321 1621 1523 1684 exempti
1552 1631 1595 1666 et

184 1696 319 1742 liberi
344 1714 521 1757 sumus,
552 1698 721 1759 gratias
745 1698 1059 1760 permaximas
1077 1713 1165 1742 nos
1184 1712 1272 1759 pro
1298 1706 1429 1742 tanto
1453 1696 1597 1742 bene-

186 1771 293 1817 ficio
327 1773 498 1818 debere
532 1774 597 1819 illi
631 1775 982 1835 cognoscimus,
1017 1774 1099 1836 qui
1127 1789 1215 1818 nos
1237 1774 1406 1836 eripuit
1428 1774 1486 1820 de
1514 1791 1597 1838 po-

185 1856 345 1894 testate
376 1849 699 1910 tenebrarum,
733 1850 792 1895 de
819 1849 1010 1895 fornace
1035 1859 1173 1912 atque
1203 1850 1425 1895 incendio
1450 1850 1596 1913 Baby-

184 1921 322 1982 lonis,
349 1932 489 1985 atque
520 1924 768 1970 durissima
792 1924 894 1983 luti,
923 1923 1066 1987 paleae
1088 1933 1134 1969 et
1159 1924 1315 1969 lateris
1340 1924 1595 1970 Pharaonis

184 2000 417 2046 servitute.
454 2002 552 2047 Hac
587 2001 762 2064 quippe
794 2001 998 2058 ratione,
1039 2000 1133 2045 hoc
1162 2000 1290 2045 velut
1319 2001 1593 2047 suavissimo

184 2085 425 2137 unguento
450 2093 643 2123 omnem
666 2078 763 2122 vim
786 2078 972 2123 inflictae
1000 2078 1362 2141 persecutionis,
1400 2095 1593 2125 omnem

183 2153 452 2199 exsiliorum
478 2155 760 2214 molestiam,
797 2172 989 2201 omnem
1016 2172 1173 2201 rerum
1200 2156 1460 2218 jacturam,
1493 2174 1593 2203 orn-

185 2230 278 2288 nia,
301 2247 402 2292 quae
419 2232 514 2294 pati
537 2232 872 2292 existimamur,
895 2233 1200 2279 incommoda
1219 2232 1430 2279 solamur
1452 2244 1592 2297 atque

185 2308 284 2350 Deo
312 2307 524 2369 adjutore
546 2308 772 2354 levamus.
