1875 2956
679 195 819 229 LIBER
850 193 1095 229 SEPTIMUS.
1508 199 1573 233 131

189 280 436 325 maximam
482 297 566 325 suo
600 291 809 343 tempore
845 267 1092 340 exegisset,
1137 280 1234 341 ipse
1273 280 1495 341 imposuit
1539 294 1583 327 et

184 356 326 400 levari
353 356 480 412 feci'13
508 357 569 402 ita
592 367 643 402 ut
669 357 980 412 Normannia,
1007 355 1065 401 de
1095 371 1188 417 qua
1220 354 1344 400 idem
1376 371 1486 402 suus
1514 375 1586 419 ge-

187 432 310 476 nitor
326 432 446 478 ultra
461 443 665 478 trecenta
683 433 826 477 millia
844 432 1113 477 francorum
1131 447 1373 492 nunquam
1392 431 1582 489 levarat,

185 507 242 552 ad
282 525 425 570 usque
453 509 704 557 duodecies
731 519 930 553 centena
953 508 1099 553 millia
1122 507 1390 553 francorum
1417 517 1463 553 et
1486 524 1586 553 am-

186 583 306 645 plius
329 585 526 631 adaucta
562 595 606 630 et
638 593 822 647 gravata
852 584 1015 643 fuerit,
1042 593 1208 646 practer
1227 582 1430 645 gabellas
1453 584 1558 629 salis
1575 619 1586 640 ,

186 671 403 721 quartum
441 662 685 707 denarium
719 661 970 723 potionum
1007 676 1108 722 qua*
1145 661 1192 706 in
1233 660 1436 707 tabernis
1470 678 1590 707 ven-

185 736 402 794 duntur¹,
443 751 489 783 et
516 737 863 800 impositionem
897 737 1104 783 vicesimi
1136 737 1316 783 denarii
1352 754 1491 801 super
1518 738 1591 783 his

185 830 287 875 quae
309 814 595 871 venduntur,
622 830 723 875 quae
747 813 1056 859 nihilominus
1081 829 1265 876 semper
1295 830 1426 859 more
1452 814 1590 861 solito

186 890 538 953 procurrebant.
581 893 633 935 In
668 890 767 936 aliis
803 906 992 952 quoque
1024 890 1156 950 regni
1187 890 1463 952 provinciis,
1505 907 1591 953 pro

188 985 272 1013 suo
307 983 596 1030 unaquaeque
627 967 773 1012 modo
821 977 865 1012 et
905 965 1228 1025 facultatibus,
1278 967 1441 1030 populi
1490 983 1592 1028 gra-

187 1044 429 1090 vabantur.
466 1043 648 1100 Quibus
678 1043 901 1089 oneribus
927 1053 973 1088 et
1008 1041 1386 1106 importabilibus
1419 1043 1592 1087 militiae

183 1136 237 1165 ac
279 1131 348 1166 tot
400 1130 732 1182 tantorumque
780 1119 1065 1165 tributorum
1111 1118 1400 1181 cogebantur
1431 1120 1588 1177 multi,

184 1198 277 1242 suis
322 1197 496 1243 laribus
539 1214 592 1243 ac
637 1198 779 1243 natali
818 1198 919 1243 solo
957 1197 1216 1253 derelictis,
1257 1197 1436 1242 diversa
1474 1197 1591 1242 exsi-

182 1273 243 1318 lia
287 1283 331 1319 et
367 1290 511 1319 noxas
552 1273 682 1319 sedes
722 1290 927 1335 quaerere
964 1289 1267 1335 quocumque
1310 1273 1585 1335 potuissent.

183 1350 366 1406 Quibus
400 1351 532 1396 malis
566 1350 853 1396 accedebant
893 1360 938 1394 et
970 1359 1120 1412 pestes
1154 1360 1201 1394 et
1234 1349 1428 1395 assiduae
1459 1366 1590 1412 paene

181 1426 429 1471 hominum
464 1436 665 1483 mortes;
704 1426 848 1471 fames
872 1441 1062 1487 quoque
1085 1441 1215 1486 quae,
1247 1441 1329 1471 seu
1352 1426 1588 1471 sterilitate

180 1517 401 1562 agrorum
423 1500 495 1546 vel
518 1501 816 1546 inclementia
838 1501 943 1546 coeli
961 1538 972 1560 ,
998 1517 1081 1547 seu
1107 1500 1237 1563 quod
1263 1500 1326 1546 ob
1352 1500 1509 1562 fugam
1544 1512 1588 1548 et

181 1578 495 1624 desertionem
521 1578 802 1624 colonorum
828 1579 1012 1624 incultae
1039 1578 1251 1640 jacerent
1284 1587 1440 1635 terrae,
1478 1596 1587 1642 pro-

180 1654 338 1700 venire
363 1654 646 1700 ferebantur.

246 1734 494 1793 Propterea
527 1731 665 1793 igitur
694 1731 823 1793 quod
847 1731 919 1777 his
952 1742 997 1777 et
1031 1731 1131 1777 aliis
1156 1732 1414 1777 innumeris
1445 1732 1587 1777 attriti

181 1807 415 1863 cladibus,
457 1807 517 1854 ab
555 1807 753 1867 eisdem,
792 1824 906 1871 pace
944 1808 1222 1869 reintegrata
1252 1824 1306 1853 ac
1345 1808 1580 1867 restituta,

180 1901 277 1932 sese
303 1894 543 1946 exemptos
562 1885 659 1929 fore
687 1894 946 1941 cernerent,
974 1884 1116 1930 veluti
1139 1894 1244 1947 post
1267 1884 1431 1945 longas
1453 1893 1583 1929 tene-

180 1960 289 2007 bras
315 1961 527 2006 moeroris
555 1975 609 2005 ac
639 1960 791 2006 luctus
816 1960 892 2005 lux
915 1976 1038 2006 nova
1066 1960 1203 2006 solito
1229 1960 1398 2006 clarior
1420 1959 1584 2005 laetior-

183 2055 273 2101 que
306 2039 513 2100 utrisque
547 2038 733 2100 populis
771 2047 931 2083 exorta
961 2037 1181 2082 divinitus
1220 2036 1495 2094 videbatur3
1537 2047 1582 2083 et

182 2115 262 2177 qui
292 2114 351 2160 ab
383 2113 578 2160 exordio
603 2130 777 2175 guerrae
811 2114 894 2176 (ut
919 2129 1082 2159 omnes
1111 2114 1254 2159 ferme
1279 2113 1443 2177 populi
1472 2130 1582 2176 pro-

176 2191 441 2252 ‚vinciarum
470 2191 785 2245 Maximiliano
818 2190 1134 2253 subditarum)
1172 2191 1469 2254 pertinaciter
1503 2192 1583 2236 ad-

181 2268 500 2327 versabantur,
545 2267 764 2330 nullaque
801 2284 1013 2330 unquam
1042 2269 1171 2331 pacis
1206 2277 1286 2314 aut
1316 2278 1579 2329 treugarum

181 2345 354 2393 foedera
376 2364 423 2393 se
447 2364 555 2392 cum
579 2362 684 2408 rege
708 2345 951 2392 habituros
975 2347 1023 2391 in
1047 2346 1140 2391 suis
1157 2345 1357 2409 publicis
1379 2363 1583 2391 conven-

182 2423 305 2470 tibus
325 2440 378 2470 ac
396 2424 613 2487 privatim
638 2423 814 2485 ubique
834 2423 1124 2486 jactitarent,
1147 2424 1244 2485 jam
1266 2440 1313 2469 se
1338 2439 1452 2486 pace
1473 2439 1580 2467 cum

183 2515 239 2544 eo
290 2501 558 2547 conciliatos
604 2500 702 2545 sore
748 2501 1032 2563 permaxime
1068 2499 1357 2545 laetabantur.
1410 2497 1582 2542 Exinde

240 2655 276 2690 ’1.
302 2654 396 2701 Voy.
425 2662 448 2689 t.
471 2656 528 2698 11,
550 2667 586 2703 p.
613 2655 674 2689 79.
