1875 2956
281 268 355 302 242
844 261 1089 299 APOLOGIA
1105 290 1113 301 ,

728 533 925 586 LtBER
962 533 1222 586 PRIMUS.

626 865 1012 910 CAPITULUM
1060 863 1341 906 PRIMUM.

305 999 423 1033 Prima
442 998 530 1033 ratio
549 996 645 1031 unde
663 996 759 1031 credi
779 1006 890 1044 potest
915 997 1004 1045 regis
1024 996 1119 1031 istius
1140 996 1294 1042 primum
1313 995 1494 1029 inchoasse
1512 994 1644 1030 odium.

340 1119 420 1165 His
443 1118 581 1180 igitur
605 1118 666 1164 ita
689 1117 973 1181 praefationis
993 1117 1099 1162 loco
1122 1116 1390 1179 praemissis‚
1415 1126 1677 1180 susceptum

273 1196 597 1258 aggrediemur
635 1212 778 1258 opus,
814 1195 970 1258 plures
1006 1193 1193 1239 relaturi
1228 1209 1388 1239 causas
1420 1209 1618 1254 quarum
1653 1211 1679 1240 e

274 1273 514 1319 nonnullis
546 1272 856 1318 verisimiliter
879 1271 1186 1327 arbitramur,
1214 1287 1269 1316 ex
1294 1270 1393 1315 aliis
1418 1286 1528 1315 vero
1552 1287 1680 1334 aper-

275 1351 447 1396 tissime
492 1359 789 1413 compertum
826 1347 1059 1394 habemus
1092 1347 1265 1393 dictam
1308 1348 1481 1409 regiam
1518 1359 1680 1395 contra

275 1444 360 1472 nos
382 1427 753 1488 indignationem
777 1425 1088 1471 incanduisse.

339 1506 393 1548 Et
438 1504 592 1567 primo
638 1502 855 1565 quidem,
905 1518 1013 1546 cum
1055 1518 1182 1547 anno
1224 1503 1416 1548 Domini
1467 1510 1680 1547 currente

272 1596 548 1636 mccccxmx,
589 1581 675 1644 piae
706 1589 750 1625 et
784 1579 952 1623 inclitae
977 1580 1313 1625 recordationis
1348 1580 1546 1626 Karolus
1581 1596 1681 1642 sep-

273 1660 414 1705 timus
432 1675 534 1718 rex,
564 1657 703 1719 hujus
729 1655 943 1702 moderni
975 1655 1199 1701 Ludovici
1223 1657 1429 1718 genitor,
1454 1660 1680 1702 Nornian-

273 1736 427 1795 niam,
455 1734 537 1779 diu
568 1733 628 1780 ab
654 1733 850 1796 Anglicis
874 1733 919 1777 vi
941 1742 1218 1795 occupatam
1247 1743 1291 1779 et
1318 1734 1576 1793 detentam,
1604 1750 1678 1779 ar-

274 1814 363 1859 mis
394 1810 583 1873 aggredi
608 1820 653 1856 et
677 1824 951 1873 recuperare
987 1808 1261 1855 decrevisset
1282 1812 1309 1870 ¹,
1350 1810 1569 1871 contigit,
1596 1810 1681 1855 Dei

274 1890 541 1953 adspirante
579 1885 826 1933 clementia
858 1901 912 1931 ac
948 1885 1293 1946 misericordia,
1335 1897 1386 1932 ut
1411 1886 1541 1933 brevi
1565 1895 1680 1932 tem-

274 1968 403 2030 poris
441 1967 589 2030 spatio
631 1965 756 2009 idem
809 1963 1013 2026 optimus
1049 1979 1127 2008 rex
1171 1974 1318 2009 totam
1359 1965 1675 2028 provinciam,

276 2041 419 2103 pulsis
435 2039 665 2098 hostibus,
691 2037 776 2083 sul)
795 2053 927 2082 suam
944 2036 1173 2098 redigeret
1192 2038 1434 2083 ditionem.
1457 2039 1541 2083 Cui
1562 2038 1678 2083 felici

278 2117 567 2180 operiatque
602 2113 888 2177 expeditioni
911 2129 1019 2157 cum
1053 2115 1215 2174 etiam,
1253 2131 1340 2177 pro
1365 2130 1417 2159 ea
1443 2130 1582 2176 quam
1619 2114 1678 2159 ad

275 2194 475 2257 patriam
500 2208 681 2254 semper
709 2189 962 2235 habuimus
996 2191 1207 2248 caritate,
1242 2207 1383 2253 opera
1413 2200 1457 2235 et
1482 2192 1678 2236 consilio

279 2288 376 2315 non
397 2286 563 2333 parum
583 2285 670 2331 pro
701 2276 859 2311 nostra
882 2266 997 2310 virili
1021 2266 1275 2328 adjumenti
1297 2267 1674 2326 contulissemus,

278 2364 333 2392 ex
359 2347 450 2391 hoc
484 2344 699 2389 effectum
724 2351 789 2387 est
820 2350 867 2385 ut
901 2340 959 2384 dc
982 2342 1206 2402 parxitate
1238 2352 1395 2388 nostra
1432 2353 1475 2387 ct
1507 2343 1678 2404 exigui-

281 2433 389 2482 tate,
414 2437 497 2486 per
519 2429 710 2465 cunctas
735 2419 875 2462 {enne
901 2416 1155 2462 Galliarum
1180 2421 1459 2481 proxincias,
1486 2420 1680 2466 celebris

280 2517 377 2547 non
402 2497 699 2544 mediocriter
716 2494 1054 2539 diffunderetur
1078 2495 1197 2542 sama
1217 2507 1353 2559 atque
1377 2499 1553 2562 opinio.

347 2581 455 2623 Erat
476 2586 587 2621 tunc
615 2575 661 2619 in
689 2590 773 2618 suo
795 2571 1052 2631 Delfinatu,
1077 2573 1275 2619 delfinus
1302 2585 1411 2621 tunc
1442 2577 1677 2623 Viennen-

336 2746 372 2780 1.
404 2745 499 2792 Voy.
524 2739 713 2778 l'IIistoire
737 2738 783 2775 de
804 2737 955 2775 Charles
975 2740 1043 2775 VII
1058 2769 1066 2785 ,
1088 2739 1113 2776 l.
1135 2742 1199 2789 IV,
1222 2739 1282 2777 ch.
1307 2743 1355 2778 12
1376 2750 1411 2778 et
1431 2741 1526 2779 suiv.
