1875 2956
666 201 809 236 LIBER
837 200 1035 236 SEXTUS.
1496 208 1544 242 65

149 289 212 333 sic
241 286 368 349 quod
407 302 493 331 nec
526 302 634 331 eum
658 285 867 349 profecto
899 285 1019 347 juvit
1055 282 1290 345 dignitatis
1314 301 1541 349 praeroga-

149 364 256 422 tiva,
284 382 305 405 «
331 379 417 408 nec
436 363 656 426 Apollinis
682 362 828 407 insula
848 362 994 407 texit»
1014 395 1025 417 ‚
1054 369 1104 405 ut
1126 369 1238 404 tunc
1261 360 1425 421 dignas
1449 380 1543 409 sce-

149 439 251 485 leris
273 455 434 502 poenas
460 440 530 485 vel
555 439 764 485 differre¹
785 438 856 483 vel
880 437 1077 482 evadere
1100 436 1320 499 potuerit.

213 516 310 560 Fuit
335 526 490 561 autem
515 526 557 561 et
584 516 631 560 in
655 532 711 560 eo
742 513 945 559 tumultu
969 513 1286 576 deprehensus
1308 513 1546 560 Johannes

149 592 349 654 Baptista
369 630 380 651 ,
408 594 519 637 certi
556 590 738 636 numeri
766 589 968 634 militum
1002 590 1274 652 capitaneus
1308 606 1364 636 ex
1399 593 1545 655 copiis

147 684 346 730 quarum
396 670 706 730 Hieronymus
747 683 905 712 comes
950 666 1213 712 antedictus
1253 667 1477 714 ducatum
1520 686 1546 715 a

147 761 332 791 summo
355 746 574 809 pontifice
597 742 818 790 habebat.
844 744 961 800 Qui,
992 744 1150 790 multis
1173 755 1430 792 asservatus
1452 746 1548 791 die-

148 820 250 881 bus,
281 822 363 868 suit
391 823 634 884 diligenter
665 830 710 866 et
738 821 919 866 curiose
943 822 1249 880 examinatus,
1277 822 1337 868 ad
1363 824 1550 886 perqui-

148 899 347 945 rendum
390 916 450 946 an
482 900 808 962 hujuscemodi
854 901 1065 948 factionis
1099 910 1144 945 et
1190 902 1549 964 conspirationis

146 977 360 1021 conscius
400 977 551 1022 Sixtus
591 978 797 1040 pontifex
833 978 1091 1024 exstitisset.
1130 977 1339 1023 Tandem
1369 994 1480 1023 vero
1506 988 1550 1022 et

147 1051 206 1097 de
231 1052 331 1115 ipso
352 1054 491 1099 etiam
513 1065 752 1117 sumptum
782 1065 849 1100 est
870 1054 1056 1118 publice
1074 1055 1371 1118 supplicium.

212 1129 293 1174 His
331 1139 487 1175 autem
529 1131 590 1176 ita
637 1131 878 1177 Florentiae
923 1131 1129 1194 patratis,
1175 1131 1443 1192 indignatus
1486 1141 1552 1176 est

148 1204 448 1251 vehementer
493 1208 701 1270 pontifex
737 1208 906 1266 Sixtus,
955 1208 1208 1271 przesertim
1248 1207 1378 1270 quod
1420 1207 1551 1252 illum

148 1281 553 1346 archiepiscopum
591 1285 832 1339 Pisanum,
876 1294 1042 1330 contra
1078 1284 1312 1329 honorem
1346 1294 1391 1329 et
1424 1300 1552 1329 reve-

148 1360 346 1404 rentiam
365 1358 600 1420 dignitatis
618 1360 899 1422 pontificalis
923 1370 967 1405 et
1000 1376 1155 1406 sacros
1175 1376 1407 1419 canones,
1437 1361 1551 1423 quin

149 1436 287 1482 etiam
312 1446 475 1482 contra
498 1437 705 1481 civilium
729 1437 884 1497 legum
915 1438 1197 1496 sanctiones,
1225 1446 1321 1483 tam
1358 1438 1555 1498 ignomi-

148 1512 280 1558 niosa
305 1523 454 1558 morte
474 1513 748 1575 puniissent.
774 1512 1026 1559 Ferebatur
1048 1523 1094 1558 et
1118 1513 1337 1559 eumdem
1362 1514 1553 1577 pontifi-

149 1605 250 1634 cem
269 1590 379 1635 odio
396 1589 569 1636 habere
592 1590 694 1636 illos
715 1590 773 1636 de
794 1590 1000 1650 Medicis,
1021 1591 1169 1653 quod,
1186 1592 1235 1636 in
1256 1592 1419 1638 eadem
1436 1591 1552 1637 urbe

149 1666 416 1713 Florentina
440 1677 483 1712 et
507 1668 638 1712 terris
662 1667 759 1729 ejus
773 1667 941 1713 ditioni
957 1666 1192 1729 subjectis,
1216 1684 1334 1731 saepe
1356 1668 1553 1714 decretis

148 1754 193 1789 et
218 1744 396 1806 placitis
424 1744 516 1789 suis
552 1742 862 1803 obstitissent,
905 1753 950 1789 et
972 1745 1280 1807 promotioni,
1316 1762 1459 1807 quam
1494 1746 1552 1792 de

148 1837 348 1883 persona
366 1821 691 1883 hujuscemodi
720 1821 1060 1885 archiepiscopi
1095 1821 1264 1867 fecerat
1309 1823 1369 1868 ad
1410 1823 1554 1868 eccle-

148 1899 264 1943 siam
287 1899 517 1943 Pisanam.
551 1900 704 1954 Quam
734 1898 872 1943 etiam
916 1898 1058 1960 ipsius
1084 1898 1456 1960 indignationem
1481 1901 1552 1944 in-

150 1974 419 2020 flammabat
450 1974 696 2037 praedictus
718 1990 877 2020 comes
913 1975 1241 2036 Hieronymus,
1272 1976 1351 2038 qui
1395 1987 1554 2022 aucto-

150 2052 277 2098 ribus
306 2052 546 2098 seditionis
576 2050 824 2097 foederatus
857 2061 902 2097 et
944 2051 1037 2097 dux
1063 2051 1419 2113 quodammodo
1447 2053 1554 2099 sacti

151 2130 290 2175 totius
314 2130 535 2174 exstitisse
553 2127 801 2174 ferebatur.
824 2128 904 2174 His
922 2129 1078 2191 itaque
1098 2129 1272 2174 excitus
1289 2129 1412 2174 idem
1430 2146 1550 2192 pon-

150 2206 256 2250 til'ex
279 2206 525 2263 maximus,
558 2214 808 2265 utrumque
845 2220 1060 2249 exserens
1095 2204 1301 2265 gladium
1330 2206 1551 2251 adversus

150 2282 453 2341 Florentiam,
477 2281 616 2326 sacris
643 2281 814 2326 civitati
838 2280 1113 2340 interdixit&
1140 2291 1185 2326 et
1208 2281 1440 2343 adjunctis
1469 2299 1547 2328 co-

151 2360 237 2422 piis
261 2370 398 2421 atque
425 2359 597 2404 auxilio
632 2357 938 2417 Ferdinandi,
969 2358 1088 2420 regis
1114 2359 1430 2421 Neapolitani,
1454 2359 1549 2404 bel-

153 2437 250 2482 lum
273 2438 337 2483 eis
356 2437 524 2482 intulit.
565 2436 684 2481 Misit
704 2435 828 2481 enim
859 2451 936 2480 rex
969 2434 1116 2480 filium
1139 2438 1296 2480 suum³
1320 2452 1424 2480 cum
1452 2452 1549 2481 ma-

206 2560 242 2595 1.
276 2559 431 2606 Deferre
451 2557 543 2593 dans
562 2557 596 2593 le
620 2570 688 2593 ms.

207 2623 243 2657 ⁶2.
275 2623 329 2656 10‘
345 2619 425 2665 juin
446 2621 560 2656 1478.

209 2684 244 2718 3.
276 2681 450 2717 L'autenr
471 2689 556 2717 veut
578 2681 700 2729 parler
721 2679 766 2716 dc
786 2680 974 2725 Fre'deric,
1002 2680 1131 2729 prince
1150 2679 1196 2715 (le
1215 2681 1387 2724 Tarento,
1411 2680 1475 2730 qui
1493 2683 1549 2719 sut

313 2759 355 2780 111
1343 2748 1364 2780 5
