1875 2956
312 205 360 239 (3⁴3
668 201 968 239 HISTORIARU
975 202 1008 235 M
1038 201 1269 237 LUDOVICI
1298 203 1353 236 XI

312 290 412 351 gnis
435 290 582 352 copiis
604 288 664 334 ad
689 287 913 333 auxilium
940 285 1191 350 pontificis,
1214 287 1344 348 cujus
1369 287 1541 333 militiae
1562 286 1714 332 dictus

309 382 468 411 comes
490 365 804 426 Hieronymus
824 362 1101 426 praepositus
1123 371 1222 407 erat
1240 371 1287 406 et
1310 362 1492 408 ductor.

377 446 408 487 V
415 441 595 487 identes
625 450 780 486 autem
816 438 1073 484 Florentini
1112 437 1300 483 difficile
1322 454 1376 483 ac
1398 440 1712 502 periculosum

306 518 394 564 sibi
414 518 658 563 imminere
676 516 872 575 bellum,
892 519 1096 561 Venetos
1110 514 1173 578 [et
1189 514 1395 578 caeteros]
1417 532 1534 577 quos
1556 526 1715 580 potue-

306 605 432 653 runt,
467 593 693 640 foederare
730 602 776 637 et
806 591 893 637 sibi
927 593 974 637 in
1010 592 1236 637 auxilium
1268 607 1502 637 accersere
1531 593 1714 639 studue-

307 683 431 717 runt.
474 671 565 716 Sed
597 687 705 715 cum
752 668 930 714 viribus
970 670 1172 732 impares
1205 667 1392 714 duobus
1428 669 1515 714 illis
1551 670 1714 715 validis

305 747 540 812 pontificis
563 756 608 792 et
629 747 750 809 regis
768 745 1046 792 exercitibus
1069 746 1356 805 exsisterent,
1375 746 1455 808 qui
1473 745 1571 808 jam
1594 746 1714 792 intra

304 826 471 871 limites
485 834 714 870 terrarum
729 840 917 869 suarum
933 840 980 869 se
995 823 1273 882 effuderant,
1285 823 1514 886 pluraque
1530 824 1715 871 castella

305 912 444 948 antea
474 917 568 946 suae
590 901 803 960 ditionis,
832 901 903 946 vel
933 910 1059 945 metu
1087 900 1303 945 exterrita
1325 900 1385 945 ad
1407 899 1565 945 hostes
1594 899 1716 946 defe-

305 980 439 1040 cisse,
463 978 537 1024 x'el
555 978 616 1025 ab
637 979 702 1024 cis
721 978 766 1023 vi
787 987 923 1040 capta
947 987 992 1022 et
1016 976 1197 1039 direpta
1227 976 1466 1036 viderent,
1495 977 1581 1040 ipsi
1605 993 1715 1040 pru-

304 1057 470 1103 denter
493 1055 917 1102 animadvertentes
946 1054 1073 1116 quali
1095 1053 1389 1116 subjacerent
1413 1054 1638 1117 periculo,
1678 1055 1714 1100 si

305 1134 479 1179 diutius
498 1133 677 1178 bellum
694 1131 943 1177 adversum
959 1148 1007 1176 se
1027 1141 1340 1194 procurreret,
1359 1132 1434 1176 cui
1457 1132 1504 1176 in
1520 1132 1715 1193 longum

303 1209 580 1256 sustinendo
596 1210 716 1254 vires
738 1225 848 1268 sua‘,
866 1209 1005 1270 longe
1022 1208 1231 1254 hostium
1256 1208 1475 1271 potentiae
1495 1208 1713 1271 impares,

304 1288 498 1333 minime
547 1285 760 1333 sufficere
795 1287 1077 1349 potuissent,
1112 1286 1169 1331 de
1205 1286 1523 1349 perquirendo
1560 1285 1717 1331 medio

304 1365 430 1427 pacis
454 1364 734 1425 cogitarunt.
752 1363 894 1425 Cujus
918 1363 984 1408 rei
1009 1363 1154 1424 gratia
1172 1363 1420 1426 praedictus
1444 1363 1719 1409 Laurentius

306 1441 365 1486 de
385 1441 593 1500 Medicis,
615 1451 842 1503 tanquam
884 1442 932 1486 in
981 1457 1065 1487 sua
1109 1441 1349 1504 republica
1385 1442 1633 1505 primarius
1673 1452 1718 1488 et

309 1519 591 1582 pra‘cipuuS,
618 1528 662 1563 et
683 1517 746 1563 ob
771 1517 903 1579 cujus
926 1518 1272 1563 aemulationem
1298 1528 1437 1580 atquc
1474 1518 1636 1563 odium
1653 1519 1717 1564 illi

306 1593 364 1639 de
387 1595 534 1640 Passis
578 1604 729 1640 totum
757 1594 912 1652 illum,
953 1603 997 1638 et
1030 1593 1359 1651 domesticum,
1396 1603 1442 1639 et
1474 1604 1717 1640 externum

305 1672 560 1718 tumultum
595 1673 875 1729 excitarant,
918 1688 972 1716 cx
1006 1682 1145 1734 portu
1182 1672 1348 1718 Pisano
1393 1689 1501 1718 cum
1536 1672 1719 1719 duabus

306 1748 576 1795 triremibus
600 1747 926 1811 Neapolimad
954 1765 1108 1809 regem
1134 1749 1323 1810 naxigax
1334 1749 1382 1794 it.
1412 1749 1547 1811 Apud
1577 1766 1718 1811 quem

308 1836 353 1872 et
378 1826 477 1888 ejus
495 1825 837 1871 interventione
862 1824 988 1887 apud
1018 1825 1291 1888 pontificem
1311 1862 1322 1884 ,
1365 1825 1620 1871 Florentini
1648 1843 1716 1872 re‘

309 1904 652 1950 conciliationis
678 1913 724 1949 et
747 1902 1043 1948 discessionis
1075 1919 1099 1948 a
1139 1903 1266 1948 bello
1300 1904 1494 1965 gratiam
1530 1904 1718 1950 invene-

311 1991 451 2040 runt3
482 1981 546 2026 sic
579 1979 734 2042 quod,
756 1979 890 2025 brevi
922 1980 1030 2025 satis
1053 1980 1276 2043 temporis
1313 1981 1479 2043 spatio,
1506 1980 1719 2042 hujusce—

314 2059 439 2104 modi
489 2075 730 2104 armorum
773 2056 980 2121 procella
997 2091 1009 2113 ,
1064 2074 1165 2119 qua2
1207 2056 1484 2102 Florentinis
1527 2057 1719 2104 exitium

311 2135 477 2180 minari
512 2134 784 2194 videbatur,
812 2134 895 2180 Dei
926 2133 1206 2196 providente
1242 2133 1515 2192 clementia,
1559 2133 1718 2179 sedata
1769 2171 1777 2181 ,

311 2223 408 2271 est,
436 2221 481 2257 et
515 2213 642 2274 pacis
683 2211 889 2257 rediviva
926 2211 1113 2255 lenitate
1152 2220 1290 2272 atque
1330 2210 1577 2256 dulcedine
1626 2210 1717 2256 fere

312 2290 558 2334 serenata¹.

313 2435 368 2471 roi
394 2434 440 2470 dc
466 2433 603 2484 'Naplcs
630 2432 740 2482 apres
766 2431 991 2482 l'expulsion
1014 2431 1078 2467 (les
1104 2431 1278 2479 Franqais
1300 2445 1344 2468 en
1369 2434 1490 2478 14963
1519 2432 1611 2469 mais
1630 2432 1719 2469 c'est

313 2512 387 2534 une
416 2510 559 2534 crrcur.
595 2499 646 2532 Lc
673 2495 824 2545 general
856 2507 931 2543 que
962 2494 996 2530 lc
1021 2494 1077 2530 roi
1104 2494 1314 2531 Ferdinand
1347 2508 1495 2544 envoya
1518 2503 1649 2532 contre
1666 2494 1718 2532 les

315 2559 524 2596 Florentius
546 2559 601 2594 sut
625 2556 813 2601 Frederic,
836 2564 959 2593 comte
979 2555 1153 2593 ‹tm-bin.

368 2626 402 2657 1.
438 2621 613 2657 L'auteur
641 2619 761 2655 aurait
792 2632 841 2668 pu
865 2618 1024 2664 justitior
1056 2627 1153 2655 cetu·
1179 2618 1385 2668 digression
1422 2632 1466 2656 en
1497 2619 1642 2670 parlant
1673 2620 1718 2655 de

312 2683 591 2719 l'intervention
613 2682 658 2717 «le
678 2681 792 2718 Louis
814 2684 867 2717 XI
888 2694 933 2716 en
956 2682 1085 2717 larcin·
1105 2681 1169 2717 «les
1190 2682 1419 2723 Florentins3
1445 2682 1536 2718 inais
1556 2682 1578 2717 il
1599 2679 1717 2732 parait
