1875 2956
240 232 286 268 1⁶⁸2
599 229 934 267 HISTORIARUM
963 229 1195 266 LUDOVICI
1223 231 1276 266 xl

237 329 412 364 serunt.
446 321 688 375 Quorum,
718 317 797 378 qui
830 315 985 378 plures
1005 351 1015 370 ‚
1041 315 1100 361 ad
1124 318 1404 379 octingintos
1423 353 1434 373 ‚
1470 320 1545 366 alii
1577 320 1636 365 ad

236 405 470 441 trecentos
495 410 742 440 numerum
768 390 1029 438 ascendisse
1052 391 1311 438 dicebant¹.

304 474 359 518 Et
381 473 493 517 tales
525 480 663 532 atque
686 467 1041 530 hujuscemodi,
1068 478 1163 514 tam
1192 469 1316 516 circa
1345 473 1632 530 Tornaeum,

237 565 377 611 quam
399 548 522 592 circa
545 544 1112 590 Sanctum-Audomaruln
1135 553 1182 589 et
1199 544 1247 589 in
1266 544 1490 592 limitibus
1511 550 1638 594 Han-

238 625 413 681 noniae,
448 622 582 668 ludos
611 621 894 684 frequenter,
917 622 1178 667 alternante
1207 620 1417 680 fortuna,
1439 624 1639 669 exerceri

239 711 377 762 atque
400 699 500 745 fieri
528 698 717 744 aiebant
734 733 745 753 ,
773 699 927 745 hieme
951 708 1270 762 procurrente.

702 872 1038 916 CAPITULUM
1073 873 1171 916 XII.

234 982 439 1026 Quomod0‚
458 994 537 1029 rege
553 983 733 1016 exsistente
756 983 844 1016 circa
863 984 1080 1025 Atrebatum,
1099 992 1132 1017 et
1155 983 1244 1018 duce
1264 985 1420 1027 Austriae,
1441 998 1519 1019 cum
1542 998 1642 1019 exer-

280 1038 351 1071 citu
375 1038 490 1071 valido
509 1065 517 1078 ,
545 1039 635 1071 circa
662 1038 778 1072 villam
816 1039 1129 1073 Pontis-Avendini
1146 1067 1155 1081 ,
1189 1040 1331 1074 fuerunt
1356 1041 1444 1075 inter
1471 1054 1530 1075 eos
1551 1042 1642 1075 initoe

281 1103 423 1140 treugae,
441 1093 501 1128 sed
516 1095 604 1128 male
621 1104 773 1129 servatae.

300 1197 419 1240 Cum
434 1205 590 1241 autem
608 1196 895 1242 transiissent
913 1196 1080 1241 hiemis
1097 1213 1280 1243 menses
1289 1208 1335 1243 et
1348 1214 1496 1262 prope
1514 1198 1644 1244 fieret

236 1282 364 1318 aestas
384 1307 394 1326 ‚
431 1289 486 1318 ex
519 1282 669 1319 tractu
706 1282 751 1318 et
785 1273 930 1318 limite
963 1273 1169 1319 fluminis
1201 1275 1401 1337 Ligeris,
1431 1275 1477 1320 in
1512 1275 1644 1337 cujus

239 1348 347 1410 ripis
387 1349 485 1398 (uti
513 1349 746 1410 diximus)
780 1365 857 1393 rex
899 1348 1155 1395 hiematum
1185 1361 1502 1405 concesserat,
1536 1367 1645 1396 con-

238 1425 392 1470 tractis
413 1442 467 1471 ex
491 1436 592 1470 toto
624 1443 709 1471 suo
744 1442 888 1487 regno
923 1428 1103 1487 magnis
1134 1428 1343 1490 undique
1366 1430 1577 1490 equitum
1600 1440 1644 1475 et

238 1501 449 1564 peditum
475 1503 645 1565 copiiS,
681 1503 738 1547 ad
771 1504 1049 1565 campestria
1075 1504 1253 1549 Artesiae
1289 1514 1333 1549 et
1362 1505 1644 1551 Atrebaten—

238 1578 360 1622 sium
393 1595 529 1639 agros
557 1588 624 1624 est
657 1595 884 1624 reversus.
919 1580 1059 1635 Quod
1103 1597 1213 1624 curn
1249 1580 1418 1626 (lucem
1456 1583 1643 1627 Austriae

238 1672 441 1718 suosque
465 1657 658 1701 minime
677 1656 819 1701 latere
839 1666 1017 1718 posset,
1046 1657 1340 1720 maximeque
1360 1659 1641 1721 Flamingos‚

239 1732 318 1793 qui
359 1732 629 1794 primiores‚
673 1742 898 1793 tanquam
935 1733 1212 1790 viciniores,
1247 1734 1306 1780 ab
1350 1733 1564 1780 hostibus
1598 1752 1645 1781 se

239 1809 427 1869 aggredi
450 1808 749 1865 verebantur,
786 1825 811 1854 e
846 1808 1030 1854 diverso
1063 1810 1122 1855 ad
1157 1811 1380 1856 tutandos
1412 1810 1528 1857 fines
1560 1811 1645 1857 ob—

241 1886 457 1948 viamque
511 1885 867 1931 imminentibus
912 1886 1129 1949 periculis
1175 1904 1475 1950 processuros
1511 1905 1608 1934 sese
1631 1926 1641 1947 ‚

241 1973 418 2024 quanto
457 1959 721 2023 diligentius
763 1974 902 2025 atque
935 1964 1196 2010 accuratius
1225 1974 1464 2027 poterant,
1501 1965 1644 2028 adpa-

242 2035 422 2081 rabant.
464 2037 599 2081 Unde
631 2036 726 2082 dux
753 2039 941 2082 Austriae
959 2071 970 2092 ‚
999 2038 1205 2084 collectis
1229 2039 1408 2100 magnis
1433 2040 1644 2103 profecto

241 2113 388 2175 copiis
420 2129 475 2157 ex
501 2114 747 2158 Germanis
776 2113 1121 2176 superioribus,
1153 2115 1231 2175 qui
1258 2114 1436 2173 dietim,
1461 2125 1509 2160 ut
1530 2116 1646 2162 dixi-

242 2207 374 2246 mus,
416 2190 473 2234 ‹le
513 2192 650 2237 variis
674 2201 717 2236 et
751 2191 944 2237 (liversis
977 2192 1229 2254 provinciis
1257 2193 1518 2237 Germaniae
1538 2229 1547 2246 ‚
1585 2195 1643 2239 ad

241 2267 471 2330 stipendia
493 2266 579 2311 sibi
607 2268 864 2321 militaturi,
888 2268 1232 2326 adventabant,
1260 2269 1439 2327 magnis
1456 2286 1645 2332 quoque

241 2360 296 2388 ex
312 2343 527 2389 Flandria
544 2354 587 2389 et
610 2344 855 2390 Brabantia
870 2355 1008 2406 atque
1025 2345 1291 2403 Hannonia,
1309 2346 1418 2390 exiit
1434 2347 1480 2390 in
1498 2357 1644 2393 castra

242 2432 287 2468 et
312 2433 524 2486 patentes
545 2424 728 2468 Artesiae
751 2438 962 2486 campos,
980 2439 1126 2486 prope
1141 2423 1299 2469 villam
1319 2424 1646 2471 Pontis-Aven-

242 2499 340 2544 dini
357 2502 370 2523 ²
389 2509 537 2545 castra
559 2508 773 2545 metatus.

297 2593 332 2627 1.
364 2591 421 2628 Cf.
444 2591 611 2634 Molinet,
639 2599 665 2626 t.
689 2593 748 2635 ΙΙ,
769 2590 830 2627 ch.
853 2604 929 2627 mv,

296 2655 333 2689 2.
366 2653 686 2693 Pont-a-Vendin,
709 2653 794 2703 pres
814 2652 859 2688 dc
879 2656 990 2696 Lens,
1013 2653 1249 2698 aujourd'hui
1268 2654 1360 2690 dans
1381 2655 1642 2691 l‘arrondisse-

246 2723 345 2750 ment
365 2715 411 2751 de
429 2715 599 2753 Bethune
617 2714 936 2761 {fPas-de-Calais).
