1875 2956
314 222 388 262 194
673 222 1008 257 HISTORIARUM
1042 222 1102 256 LU
1112 223 1272 258 DOVICI
1301 224 1353 258 XI

315 306 432 352 tium
466 307 563 369 ipse
600 305 815 351 sustinuit
851 321 905 350 ac
937 305 1056 349 vires
1091 305 1409 368 impetumque
1442 308 1707 371 intercepit,

314 399 373 429 ne
393 383 584 429 ulterius
606 381 839 427 vincendo
860 391 905 427 et
923 381 1248 444 conquirendo
1274 384 1579 444 procederent
1599 403 1610 442 ;
1636 400 1712 430 ve-

313 476 418 506 rum
449 460 588 505 etiam
621 458 682 504 ad
711 459 930 504 ultimum
962 467 1062 504 toto
1092 475 1238 520 regno
1270 460 1444 521 expulit
1475 472 1519 507 et
1551 462 1706 523 ejecit,

310 536 634 600 recuperando
670 552 768 582 non
801 536 947 581 modo
984 536 1250 599 provincias
1284 537 1413 597 regni
1450 539 1711 600 potentissi-

311 630 410 660 mas
421 649 433 670 ,
468 629 584 676 quas
628 614 700 659 x'el
731 613 952 674 genitoris
982 613 1078 671 sui,
1106 612 1181 658 vel
1220 628 1305 658 suo
1330 612 1470 658 etiam
1502 623 1710 678 tempore

310 700 626 753 occuparant,
676 690 759 735 sed
799 691 939 736 etiam
982 690 1277 751 Aquitaniam
1321 699 1367 735 et
1410 692 1708 752 Vasconiam,

309 782 452 827 quam
476 766 603 812 velut
633 768 875 830 propriam
906 767 1088 813 circiter
1124 783 1208 830 per
1239 781 1389 813 annos
1411 766 1637 814 ducentos
1667 779 1713 814 et

306 844 647 905 quinquaginta
680 845 853 907 Anglici
887 855 1151 892 tenuerant.
1190 848 1297 890 Post
1340 860 1455 907 quas
1498 845 1712 893 victorias

307 918 396 965 sibi
419 919 642 967 divinitus
665 938 935 982 concessas,
963 923 1117 985 ipsum
1141 938 1338 983 regnum
1356 931 1468 967 tunc
1488 921 1711 983 quodam-

306 997 452 1042 modo
476 998 603 1043 velut
624 998 834 1044 effoetum
852 1009 898 1044 et
922 1015 1157 1061 exsangue
1188 998 1431 1059 effectum,
1462 1008 1508 1044 et
1527 1000 1712 1062 populis

305 1072 580 1119 mirabiliter
613 1074 902 1121 diminutum
927 1086 1067 1138 atque
1094 1076 1352 1135 desertum,
1379 1092 1436 1121 eo
1466 1074 1596 1136 quod
1618 1085 1711 1124 tam

304 1151 386 1198 diu
426 1162 618 1199 externa
652 1163 791 1215 atque
820 1154 1039 1200 intestina
1065 1153 1190 1201 bella
1222 1154 1529 1216 militiamque
1558 1163 1604 1198 et
1635 1153 1713 1199 tri-

302 1227 499 1289 butum,
526 1230 647 1293 proh
672 1229 836 1276 dolor!
865 1231 1132 1290 tolerasset,
1165 1241 1260 1277 tam
1280 1230 1536 1294 prudenter
1558 1230 1714 1293 dispo·

304 1306 416 1362 suit,
443 1316 495 1353 ut
527 1307 836 1354 instauratum
855 1313 954 1371 Jam
983 1310 1031 1354 in
1054 1308 1237 1355 bonum
1262 1319 1434 1355 statum
1454 1318 1499 1355 et
1529 1309 1576 1355 in
1604 1324 1714 1355 con-

303 1382 582 1430 valescentia
602 1385 781 1447 optima
798 1386 1099 1432 reflorescens
1120 1387 1273 1450 ipsum
1291 1386 1388 1432 filio
1411 1386 1708 1447 relinqueret.

304 1459 395 1514 Qui
416 1459 476 1518 si,
509 1461 653 1522 patris
676 1462 881 1507 imitatus
903 1463 1202 1525 prudentiam
1222 1472 1267 1508 et
1288 1463 1502 1515 virtutes,
1530 1463 1708 1525 ipsum,

302 1532 368 1577 uti
388 1532 717 1593 inchoaverat,
743 1552 979 1597 resurgere
1003 1547 1047 1583 et
1069 1553 1332 1582 excrescere
1355 1537 1400 1581 in
1428 1536 1592 1599 populi
1623 1552 1712 1582 nu-

304 1610 568 1655 merositate
602 1621 646 1656 et
675 1611 846 1674 opibus
872 1614 1173 1675 permisisset,
1212 1614 1378 1677 procul
1417 1612 1589 1671 dubio,
1625 1629 1711 1658 suo

302 1693 513 1748 tempore
547 1687 596 1731 in
620 1696 802 1733 tantum
826 1689 1084 1735 coalescere
1114 1700 1159 1735 et
1190 1690 1435 1735 instaurari
1457 1690 1708 1752 potuisset,

304 1770 355 1806 ut
391 1760 452 1807 ad
492 1762 753 1824 priscorum
794 1764 982 1811 illorum
1015 1776 1284 1829 temporum
1330 1766 1618 1824 felicitatem,
1663 1766 1711 1811 in

303 1838 475 1901 quibus
494 1841 696 1886 maxime
725 1840 1015 1901 effloruerat,
1043 1859 1173 1905 paene
1197 1842 1420 1905 potuisset
1448 1842 1707 1904 pervenire.

303 1916 437 1976 Atqui
465 1916 636 1978 quibus
649 1917 850 1976 artibus,
877 1935 971 1982 qua
992 1919 1241 1982 prudentia
1265 1928 1402 1981 atque
1421 1918 1712 1964 humanitate

303 1992 482 2054 ipsum,
524 1995 645 2057 proh
682 1994 844 2041 dolor!
893 1996 1275 2054 administrarit¹,
1317 1995 1508 2041 ulterius
1542 1993 1711 2039 referre

304 2067 422 2114 foret
443 2087 803 2133 supervacuum.
833 2074 951 2120 Satis
983 2074 1109 2120 enim
1139 2089 1370 2137 superque
1395 2089 1450 2120 ex
1474 2071 1571 2129 his,
1607 2087 1710 2132 quae

304 2160 444 2207 supra
476 2163 502 2193 a
532 2148 671 2194 nobis
703 2150 846 2196 relata
878 2161 1008 2209 sunt,
1034 2151 1208 2197 factum
1230 2160 1300 2196 est
1329 2149 1636 2211 conspicuum
1663 2158 1709 2194 et

305 2223 618 2272 manifestum.

360 2365 392 2399 1.
428 2367 496 2402 Ms.
522 2367 815 2402 ‹altreine‘strm·cl.
