1875 2956
661 190 806 224 LIBER
834 189 1031 226 SEXTUS.
1499 193 1545 225 79

151 277 290 322 armis
318 276 560 335 inventus,
598 292 706 321 cum
739 276 961 322 obsistere
984 274 1257 320 adversariis
1279 284 1544 334 conaretur,

151 368 401 415 oppressus
440 361 523 397 est.
569 355 623 396 Et
664 353 770 398 licet
807 351 1174 408 nonnullorum,
1214 349 1293 410 qui
1329 351 1548 412 praecipui

150 437 364 473 auctores
386 427 597 473 factionis
620 438 727 473 ante
751 428 963 486 fuerant,
995 426 1124 471 bona
1151 425 1331 488 direpta
1357 425 1448 470 sint
1464 461 1474 481 ,
1506 436 1551 470 et

149 504 209 550 de
252 504 536 567 quibusdam
578 505 728 551 ductis
774 505 821 549 in
868 502 1290 564 Hagam-Comitis¹
1323 502 1549 565 supplicia

149 592 358 645 sumpta,
396 582 552 643 quoad
584 580 816 644 plebeiam
847 590 1003 625 tamen
1041 579 1389 625 multitudinem
1420 581 1551 642 oppi-

149 658 263 703 dum
301 659 526 704 intactum
560 658 796 704 remansit.
839 657 980 719 Cujus
1016 655 1342 702 subactionem
1388 666 1551 702 caetera

151 735 326 798 oppida
362 734 571 797 ejusdem
615 744 752 779 antea
792 733 1030 792 factionis,
1074 749 1176 794 quae
1220 733 1376 796 potius
1414 750 1551 779 suum

149 811 412 874 principem
446 820 746 856 contemnere
764 847 775 869 ,
804 826 947 872 quam
973 810 1033 856 ad
1056 826 1165 855 eum
1197 809 1410 855 debitum
1441 809 1551 856 sub—

144 887 359 949 jectionis
394 897 439 932 et
472 885 749 933 obedientiae
791 903 973 933 servare
1008 886 1306 946 videbantur,
1337 889 1553 934 exterrita

150 974 195 1009 et
238 964 471 1024 emollita,
520 981 567 1010 se
605 963 815 1026 ejusdem
860 964 929 1009 sui
969 964 1193 1027 principis
1238 964 1552 1011 dominationi

150 1043 296 1104 magis
317 1042 486 1088 devota
508 1052 646 1104 atque
673 1041 941 1087 obedientia
961 1041 1291 1087 exhibuerunt.

216 1122 308 1164 Nec
332 1128 488 1165 tamen
512 1128 760 1181 propterea
778 1118 956 1164 radices
981 1117 1264 1163 seditionum
1285 1134 1312 1164 a
1330 1118 1552 1164 cordibus

150 1195 494 1240 Hoedoensium
532 1195 698 1240 evulsae
744 1211 933 1257 prorsus
973 1205 1053 1240 aut
1092 1204 1314 1240 emortuae
1362 1195 1553 1240 redditae

150 1281 284 1329 sunt3
313 1272 426 1334 quin
456 1272 552 1317 imo
571 1307 582 1329 ,
612 1272 777 1334 procul
808 1271 980 1331 dubio,
1014 1292 1034 1313 «
1063 1281 1255 1317 manent
1281 1271 1373 1317 alta
1397 1282 1552 1317 mente

153 1357 365 1410 repostae,
391 1369 412 1390 »
435 1358 480 1393 et
502 1348 539 1393 si
559 1385 570 1407 ,
599 1357 841 1410 premente
866 1358 994 1392 metu
1015 1365 1102 1410 pro
1129 1357 1339 1410 tempore
1368 1348 1552 1394 silentio

152 1433 384 1484 teguntur,
424 1434 580 1469 tamen
612 1422 868 1486 aliquando
907 1424 943 1468 si
982 1424 1029 1468 in
1062 1433 1274 1485 apertum
1317 1440 1552 1485 emergere

149 1500 353 1558 licuerit,
382 1499 640 1545 verendum
667 1509 736 1544 est
768 1516 826 1544 ne
853 1500 901 1544 in
926 1515 1152 1561 magnum
1187 1500 1450 1563 irrumpant
1475 1501 1553 1546 in-

150 1575 369 1621 cendium
384 1578 413 1634 ²,
436 1586 481 1621 et
503 1592 561 1620 ne
581 1576 783 1621 acriores
806 1576 898 1621 sint
920 1592 1104 1622 morsus
1127 1576 1397 1622 intermissae
1413 1576 1552 1623 liber-

149 1651 267 1710 tatis,
294 1667 436 1713 quam
457 1660 661 1710 retentae,
684 1651 815 1713 juxta
832 1652 1109 1698 sententiam
1122 1652 1387 1698 Ciceronis:
1411 1669 1553 1715 quam

151 1739 304 1775 tamen
325 1738 502 1792 pestem
525 1731 650 1774 Deus
673 1738 848 1775 avertat
867 1767 877 1789 ,
900 1739 945 1774 et
963 1730 1123 1775 omnia
1145 1730 1415 1791 hujusmodi
1436 1730 1554 1776 ziza-

152 1806 338 1851 niorum
370 1807 547 1851 semina
577 1805 635 1850 (le
668 1822 860 1851 suorum
894 1806 1061 1852 animis
1094 1806 1302 1852 fidelium
1335 1807 1554 1853 radicitus

151 1882 366 1943 dignetur
388 1881 617 1945 propitius
642 1880 857 1927 evellere!

214 1957 305 2003 Sed
337 1958 443 2002 licet
467 1957 516 2002 hi
545 1957 625 2020 qui
664 1957 722 2003 de
755 1958 981 2019 TrajectO,
1010 1959 1076 2004 uti
1106 1958 1430 2022 praediximus,
1459 1976 1554 2023 op—

150 2034 314 2098 pidum
340 2035 506 2097 Leydis
529 2036 575 2079 in
603 2034 809 2081 savorem
832 2036 1041 2081 exsulum
1068 2037 1353 2099 irruperunt,
1375 2037 1553 2100 oppido

152 2111 336 2172 relicto,
364 2112 424 2158 ad
447 2113 638 2176 propria
662 2113 983 2171 revertissent,
1014 2130 1112 2159 non
1141 2124 1297 2160 tamen
1320 2131 1464 2178 parvo
1488 2116 1555 2160 in-

147 2188 346 2250 juriam,
387 2190 435 2234 in
474 2189 599 2234 dicto
642 2189 811 2251 insigni
847 2190 1024 2254 oppido
1062 2190 1150 2237 sibi
1179 2208 1233 2238 ac
1262 2193 1354 2238 loci
1387 2193 1556 2238 accolis

155 2266 344 2322 factam,
376 2266 469 2311 dux
512 2267 729 2325 Austriae,
759 2267 1019 2313 Hollandiae
1048 2269 1267 2332 princeps
1285 2305 1297 2326 .‚
1328 2270 1557 2315 aestiman-

154 2341 261 2386 dam
303 2342 374 2387 vel
413 2342 643 2404 neglectui
698 2342 969 2389 habendam
1011 2344 1156 2391 duxit.
1213 2348 1383 2391 Verum
1429 2347 1553 2408 gravi

155 2418 350 2480 proinde
375 2419 443 2464 ira
467 2435 521 2465 ac
553 2419 877 2481 indignatione
911 2420 1131 2468 adversus
1161 2425 1195 2466 T
1199 2423 1473 2485 rajectenses
1510 2432 1554 2466 et

209 2537 243 2570 1.
276 2539 327 2573 La
349 2540 466 2587 Haye.
490 2541 582 2588 Voy.
607 2548 632 2575 t..
658 2542 716 2584 ΙΙ,
740 2553 778 2593 p.
803 2542 895 2588 246,
919 2549 1007 2577 notc
1027 2544 1063 2577 ¹1.

208 2597 243 2630 2.
275 2599 369 2633 Tont
399 2612 440 2635 ce
467 2600 529 2648 qni
559 2600 644 2643 suit,
676 2600 824 2650 jusqu'ii
854 2601 888 2636 la
918 2603 965 2636 tin
993 2602 1044 2638 du
1069 2602 1253 2652 chapitre,
1276 2615 1438 2651 manqne
1461 2603 1553 2639 dans

157 2656 360 2694 Matthaeus.
