1875 2956
640 245 783 279 LIBER
811 243 1058 278 SEPTIMUS.
1481 247 1550 281 193

155 338 355 374 crustam
387 330 538 389 magni
578 330 766 391 pastilli,
797 329 1003 374 oblatam
1037 327 1121 373 sibi
1157 327 1217 373 ab
1254 344 1349 373 uno
1387 329 1551 389 insigni

156 404 318 449 bibulo
371 407 478 450 vino
526 406 710 468 plenam
731 443 742 464 ,
792 422 987 451 vacuam
1033 404 1246 468 protinus
1298 403 1551 451 reddidisse

155 480 378 526 exhausto
411 498 437 527 a
475 498 522 527 se
555 482 664 526 vino
694 500 703 526 ι
732 481 860 542 quod
897 482 1003 526 satis
1034 480 1244 542 judicare
1285 481 1435 542 potuit
1468 482 1552 526 viri

157 557 511 618 temperantiam
532 566 574 601 et
597 557 866 617 gravitatem
885 558 914 612 ¹,
944 573 1003 600 ne
1026 555 1265 600 stultitiam
1288 555 1501 601 dixerim.

222 635 312 678 Nec
339 650 446 678 vero
482 643 746 695 temperans
776 641 907 694 pater
937 632 1236 676 solummodo
1275 631 1359 676 fuit
1390 632 1480 676 cibi
1513 643 1557 677 et

156 719 317 771 potus,
352 709 432 754 sed
456 719 500 753 et
529 709 755 754 sermonis
785 716 830 752 et
859 707 1041 767 linguae.
1089 709 1232 753 Rarus
1256 708 1381 753 enim
1406 725 1558 753 sermo

155 787 252 847 ejus
275 796 372 831 crat
400 797 443 831 et
466 786 685 846 gravitate
714 783 959 842 conditus3
995 800 1135 845 quem
1165 785 1245 829 etsi
1277 785 1555 846 aliquando,

156 862 485 908 oblectamenti
536 862 704 922 gratia,
746 861 864 906 inter
912 860 1158 905 familiares
1214 859 1299 905 sibi
1344 861 1561 906 homines

155 938 214 982 ad
229 943 364 1000 Jocos
387 948 431 983 et
451 937 565 983 sales
587 935 845 988 relaxabat,
868 935 918 980 hi
941 936 1082 981 attico
1098 937 1190 982 sale
1215 936 1417 995 conditi,
1444 937 1561 982 nihil

156 1014 439 1069 obscenum,
482 1014 597 1059 nihil
635 1024 768 1076 turpe
797 1013 871 1058 vel
899 1013 1203 1059 inhonestum
1250 1024 1329 1059 aut
1371 1014 1562 1059 scurrile

155 1091 339 1152 penitus
359 1090 669 1147 resonabant,
697 1090 777 1135 sed
802 1089 931 1152 quod
957 1090 1097 1135 etiam
1122 1090 1333 1151 gravium
1352 1091 1560 1135 virorum

155 1180 289 1211 aures
312 1166 575 1212 demulcere
595 1167 870 1227 animosque
896 1180 1103 1210 recreare
1126 1166 1293 1210 merito
1317 1166 1558 1228 potuisset.

156 1241 295 1286 Filius
331 1259 439 1287 vero
474 1259 498 1287 e
526 1252 689 1288 contra
724 1242 931 1302 linguam
964 1240 1195 1292 refrenare
1227 1242 1424 1286 omnino
1464 1259 1561 1288 non

156 1328 334 1380 poterat
356 1338 366 1376 3
398 1329 443 1364 et
466 1321 595 1382 quia,
633 1329 683 1364 ut
703 1319 895 1381 Sapiens
912 1319 999 1374 ait,
1029 1337 1051 1360 «
1077 1319 1123 1362 in
1144 1318 1442 1379 multiloquio
1464 1334 1560 1363 non

155 1394 300 1439 deerit
329 1406 594 1457 peccatum,
630 1416 650 1437 ))
681 1395 946 1456 frequenter
973 1393 1218 1439 eveniebat
1253 1404 1304 1439 ut
1338 1395 1386 1438 in
1418 1394 1562 1441 verba

154 1469 502 1515 detractationis
544 1470 602 1514 de
639 1469 934 1525 absentibus,
984 1469 1123 1513 etiam
1168 1469 1348 1530 magnis
1391 1470 1563 1532 princi-

155 1545 313 1608 pibus,
347 1556 514 1591 rueret.
545 1546 658 1602 Qui,
687 1545 835 1590 relatu
867 1545 1204 1590 nonnullorum
1232 1545 1560 1607 hujuscemodi

155 1622 546 1668 detractationtun
587 1632 631 1668 et
665 1621 951 1685 probrorum
986 1621 1139 1667 verbis
1172 1622 1345 1668 discitis
1385 1633 1429 1668 et
1477 1640 1559 1669 au-

155 1698 284 1759 ditis,
321 1699 370 1743 in
404 1716 513 1744 eum
544 1699 920 1745 malex'olentiam
956 1709 1002 1744 et
1028 1699 1293 1745 inimicitias
1322 1701 1558 1766 con-cipie-

155 1773 285 1820 bant.
324 1774 540 1821 Obscena
569 1776 708 1821 etiam
734 1786 778 1821 et
800 1776 953 1838 turpia
982 1785 1120 1836 atque
1150 1775 1360 1821 scurrilia
1393 1777 1558 1839 saspius

156 1861 201 1895 et
238 1868 366 1913 ptcne
397 1851 577 1896 assidue
615 1869 669 1897 ex
703 1852 800 1914 ejus
835 1869 915 1897 ore
946 1851 1203 1897 manabant
1239 1851 1404 1908 verba,
1441 1853 1556 1898 nihil

159 1928 413 1973 redolentia
439 1928 671 1988 gravitatis
696 1938 740 1973 et
766 1929 1029 1991 sapientiaq
1063 1938 1113 1974 ut
1144 1929 1309 1974 merito
1338 1929 1453 1974 illud
1477 1932 1556 1975 Sa-

156 2005 350 2067 pientis,
389 2005 434 2048 in
463 2005 555 2050 suis
582 2005 868 2063 Proverbiis,
905 2005 991 2050 sibi
1030 2006 1281 2051 convenire
1315 2005 1374 2050 de
1405 2021 1557 2067 eoque

156 2080 248 2126 dici
267 2083 491 2144 potuisset
522 2101 531 2126 ·.
565 2101 586 2125 «
612 2084 674 2127 Os
695 2083 929 2128 fatuorum
946 2082 1109 2128 ebullit
1133 2083 1388 2128 stultitiam.
1422 2102 1444 2125 »

225 2161 356 2203 Pater
374 2159 623 2221 prudentia
646 2169 691 2204 et
711 2177 897 2205 morum
920 2160 1162 2205 honestate
1190 2159 1433 2220 insignitus
1452 2160 1552 2205 fuit.

157 2234 297 2289 Quod
314 2235 421 2280 satis
441 2235 621 2297 liquido
648 2236 836 2297 intelligi
863 2245 1040 2298 potest,
1067 2235 1222 2297 quod,
1247 2252 1355 2280 cum
1382 2235 1560 2282 adoles-

158 2326 265 2355 cens
300 2311 456 2356 adhuc
488 2329 682 2373 regnum
713 2313 987 2375 susciperet,
1030 2321 1159 2375 patre
1194 2328 1279 2356 suo
1315 2312 1362 2356 in
1397 2322 1441 2357 et
1472 2311 1558 2357 sub

160 2396 381 2447 potestate
400 2389 651 2450 Anglorum
673 2399 717 2433 et
742 2388 1129 2450 Burgundionum
1158 2389 1251 2433 vita
1274 2388 1458 2445 functo,
1480 2388 1559 2449 qui

162 2463 287 2521 regni
319 2465 550 2525 potiorem
593 2475 636 2510 et
674 2465 986 2510 robustiorem
1022 2465 1319 2528 occupabant
1354 2475 1554 2527 partem,

163 2537 335 2583 nedum
357 2542 543 2602 pondus
565 2541 673 2587 belli
692 2552 930 2588 tantorum
955 2551 1143 2602 tamque
1167 2540 1430 2586 validorum
1453 2540 1562 2585 hos-

224 2693 254 2727 1.
288 2691 412 2728 Plutc⁴>t
428 2707 496 2740 quo
516 2699 606 2729 satis
618 2697 852 2742 judicari....
876 2700 1142 2743 letttl)c·t·anlia‚
1165 2703 1237 2734 etc,

296 2769 339 2790 111
1308 2760 1320 2793 1
1333 2759 1352 2793 3
