1875 2956
654 222 793 256 LIBER
834 220 1080 256 SEPTIMUS.
1489 221 1561 254 149

170 307 380 352 ducentis
406 317 482 352 ant
504 309 718 353 trecentis
744 308 951 352 xirorum
977 313 1260 351 armatorum
1277 339 1288 360 ‚
1320 303 1422 347 exiit
1458 305 1562 348 civi-

169 392 336 442 tatem,
363 383 442 428 illo
465 400 737 447 proponens
761 382 1018 446 proficisci,
1050 390 1095 425 et
1126 379 1296 424 castelii
1334 378 1561 432 nancisci,

168 469 219 503 ut
238 459 483 517 dominus,
506 461 861 523 possessionem.
886 460 1058 504 Verum
1080 457 1234 501 statim
1260 466 1311 500 ut
1337 454 1457 518 [iter]
1482 471 1565 500 ar-

168 535 372 598 ripuerat
389 572 400 591 ,
429 538 645 581 nuntium
676 535 855 597 accepit
891 533 1018 595 quod
1044 531 1340 578 Hollandrini
1364 540 1566 577 castrum

168 611 473 672 obsidebant,
510 613 624 658 illud
660 611 717 658 ad
748 627 914 656 manus
942 626 1047 655 suas
1083 609 1322 672 cupientes
1359 607 1562 665 habere,

167 689 295 750 quod
330 691 366 735 si
396 689 569 735 habere
595 688 880 752 potuissent,
907 686 1103 731 intentio
1124 701 1289 731 eoruni
1310 701 1406 730 esse
1430 694 1565 746 puta-

168 765 305 811 batur
329 767 458 828 quod
480 765 570 811 loci
593 764 904 809 munitionem
929 762 1136 808 funditus
1161 771 1437 817 everterent,
1467 770 1565 805 tuni

166 842 213 886 in
239 842 401 887 odium
421 841 601 887 domini
627 841 684 886 de
709 841 944 903 Monlfort
962 875 972 895 ‚
1001 839 1122 884 illius
1147 838 1354 896 domini,
1384 854 1491 882 cum
1523 847 1567 882 et

165 930 356 982 propter
376 919 659 964 vicinitatem
684 916 743 962 ad
767 915 1209 973 terrasflollandiae,
1231 914 1359 976 quod
1384 914 1442 959 de
1464 914 1562 972 illo,

166 996 327 1058 priscis
345 1011 399 1040 ac
421 994 659 1040 modernis
682 993 822 1038 etiam
846 991 1155 1055 temporibus,
1176 991 1349 1037 damna
1367 991 1566 1054 piurima

166 1072 370 1134 perpessi
403 1071 608 1115 fuissent,
650 1073 755 1125 Quo
787 1078 978 1132 accepto
1019 1069 1210 1126 nuntio,
1246 1084 1354 1112 cum
1390 1066 1567 1112 videret

166 1164 248 1209 per
273 1148 365 1193 hoc
386 1148 679 1211 propositum
705 1164 840 1192 suum
873 1146 1117 1210 impediri,
1153 1145 1212 1190 ad
1235 1146 1467 1192 civitatem
1500 1154 1567 1190 est

169 1241 399 1283 reversus,
429 1240 515 1269 nec
533 1223 715 1269 efficere
735 1224 914 1286 potnit,
941 1223 1047 1269 licet
1074 1239 1169 1269 non
1195 1222 1334 1267 semel
1362 1231 1561 1275 tantum,

165 1300 245 1345 sed
295 1301 466 1363 pluries
491 1301 584 1345 hoc
616 1299 798 1345 efficere
831 1301 1095 1344 tentavisset
1137 1308 1188 1343 ut
1230 1297 1524 1343 Hollandrini
1549 1334 1560 1354 ,

164 1375 243 1434 qui
269 1374 360 1418 illic
385 1383 533 1418 castra
556 1389 638 1418 sua
659 1382 703 1417 et
729 1371 1024 1417 obsidionem
1052 1380 1333 1433 posuerant7
1357 1369 1417 1415 ab
1444 1368 1566 1414 obsi-

165 1450 304 1494 dione
329 1449 635 1494 discederent.

634 1650 970 1693 CAPITULUM
1011 1649 1087 1692 Vl.

161 1776 351 1818 Quomodo
368 1779 473 1823 paulo
486 1787 576 1824 post,
594 1778 683 1812 duce
700 1778 852 1823 quodam
870 1778 1022 1811 Henrico
1040 1777 1084 1811 de
1100 1777 1274 1822 Ni‘evelrle,
1292 1777 1408 1810 accitis
1424 1777 1563 1810 Clivcn-

209 1834 301 1866 sibus
315 1842 347 1866 et
362 1834 715 1874 Amersfordcnsibus‚
732 1844 833 1868 nocte
850 1835 984 1880 irrupta
1001 1842 1049 1867 est
1065 1843 1097 1866 et
1115 1843 1212 1879 capta
1232 1833 1349 1866 civitas
1365 1834 1564 1878 Trajecten-

208 1889 265 1929 sis,
284 1897 402 1934 captus
415 1891 571 1935 pontifex
589 1900 620 1924 et
640 1891 776 1937 tyranni
794 1891 942 1933 liberati,
957 1899 987 1923 et
1004 1889 1255 1935 Enghelhvrtns
1272 1889 1314 1922 de
1331 1889 1434 1921 Clivis
1447 1889 1565 1923 denno

208 1952 406 1979 reintrnsuS.

226 2050 391 2093 Fuerat
417 2058 573 2094 autem
596 2049 655 2094 ad
687 2049 946 2095 custodiam
981 2050 1115 2095 castri
1144 2049 1263 2094 illius
1287 2049 1563 2093 commissus

161 2124 350 2185 quidam
385 2125 568 2186 juvenis
611 2127 800 2172 audacis
847 2127 1044 2171 nimium
1090 2136 1135 2171 et
1175 2125 1349 2171 efi'erati
1392 2126 1559 2183 animi,

162 2201 311 2246 dictus
362 2203 587 2247 Henricus
632 2203 689 2248 de
735 2203 986 2261 Niwelde,
1028 2204 1308 2265 cognatione
1352 2203 1437 2266 ipsi
1477 2202 1561 2247 do-

164 2278 291 2323 mino
339 2278 397 2324 de
440 2282 667 2342 Monlsorl
710 2281 1028 2342 propinquus,
1065 2290 1225 2343 utpote
1266 2297 1356 2325 sua·
1392 2280 1564 2324 sororis,

165 2354 297 2400 filius.
328 2356 413 2400 Hic
437 2374 544 2401 cum
569 2358 861 2418 cognovisset
885 2357 1064 2401 domini
1090 2358 1298 2420 episcopi
1326 2357 1383 2402 ad
1408 2357 1563 2401 cixila-

165 2440 256 2475 tem
291 2448 422 2477 suam
453 2433 709 2494 ingressum
728 2471 739 2489 ,
774 2434 1075 2496 captivosque
1102 2434 1297 2478 detineri
1326 2433 1476 2495 ipsum
1503 2431 1562 2475 de

166 2510 393 2570 Montfort
432 2509 638 2570 aliosque
686 2511 765 2571 qui
802 2510 1098 2572 tyrannidem
1137 2511 1181 2554 in
1215 2510 1395 2554 civitate
1434 2525 1563 2552 exer-

166 2594 381 2641 cuerant,
407 2586 807 2647 qualitercumque
831 2587 888 2631 de
914 2597 1064 2631 castro
1095 2587 1171 2631 illo
1211 2586 1475 2645 egrediens,
1503 2585 1558 2629 ad

167 2660 391 2721 oppidum
419 2662 734 2706 Amersfordiae.
761 2663 960 2723 indeque
993 2663 1051 2707 ad
1085 2663 1278 2723 patriam
1303 2661 1562 2706 Clivenseni
