1875 2956
244 219 292 254 16
604 220 941 256 HISTORIARUM
968 221 1201 258 LUDOVICI
1229 223 1282 257 XI

241 304 478 352 affinitatis
501 308 664 367 gratia,
689 305 747 351 ad
775 305 1117 351 consulendum
1139 309 1419 372 principissae
1443 318 1487 354 et
1509 311 1640 356 terris

241 384 335 428 suis
374 384 452 429 illo
492 400 539 429 se
577 384 853 429 contulerat.
896 385 965 428 De
997 399 1092 444 quo
1126 383 1249 431 sama
1291 386 1376 431 fuit
1415 387 1543 449 quod
1580 388 1639 433 ad

241 460 560 522 copulandum
584 460 986 506 matrimonialiter
1013 461 1161 522 ipsam
1185 462 1507 525 principissam
1542 463 1637 509 filio

240 552 326 581 suo
349 539 356 559 ¹
390 535 673 593 intenderet,
700 545 743 580 et
766 536 919 597 quod,
940 536 1080 598 hujus
1102 537 1166 582 rei
1191 537 1353 597 gratia,
1377 537 1456 584 illo
1485 555 1637 586 acces-

239 611 383 656 sisset.
424 611 491 655 Ad
534 626 675 672 quem
720 611 863 657 finem
903 622 955 657 ut
1000 613 1261 675 pertingere
1300 624 1479 676 posset,
1518 617 1637 661 miro

241 688 383 732 modo
409 687 592 732 animos
626 689 840 733 omnium
858 726 869 748 ,
901 689 980 751 qui
1009 689 1066 735 de
1088 690 1220 735 terris
1242 690 1526 753 principissae
1546 692 1638 738 illic

239 775 526 810 conventum
566 764 894 826 celebrabant,
943 766 1198 813 distrahere
1243 767 1533 829 satagebat²,
1580 785 1638 814 ne

238 857 346 886 cum
370 858 475 903 rege
493 842 665 888 foedera
685 843 855 888 inirent
870 845 899 902 ³,
919 860 1034 889 neve
1050 844 1375 907 principissam
1391 859 1524 890 suam
1541 860 1637 890 ma-

238 918 459 962 trimonio
491 919 701 981 copulari
732 920 869 964 alicui
900 920 1165 983 principum
1202 921 1436 981 gallicanae
1472 920 1638 982 linguae

236 1003 528 1056 paterentur;
567 994 646 1040 sed
683 996 839 1058 potius
871 996 929 1042 ad
961 998 1163 1059 aliquem
1193 998 1438 1043 illustrium
1466 998 1637 1061 princi-

236 1087 350 1133 pum
379 1072 653 1132 germanicae
682 1073 885 1119 nationis
921 1075 1132 1118 animum
1161 1074 1403 1120 intendere
1432 1076 1631 1121 vellent:

234 1147 422 1192 illorum
451 1148 625 1211 quippe
653 1147 821 1193 fastum
841 1185 852 1207 ,
886 1149 1154 1212 superbiam
1191 1160 1330 1211 atque
1367 1151 1632 1210 avaritiam,

234 1224 433 1270 aliorum
476 1241 587 1270 vero
623 1224 990 1287 benignitatem,
1032 1226 1356 1272 liberalitatem
1392 1242 1637 1290 moresque

233 1299 468 1347 humanos
487 1312 531 1347 et
558 1301 728 1361 faciles,
759 1311 991 1366 spectatos
1012 1314 1372 1367 compertosque
1387 1303 1631 1349 haberent.

234 1379 289 1421 Et
324 1377 418 1422 hoc
455 1379 564 1441 ipsis
603 1379 794 1441 quidem
834 1396 929 1425 non
969 1390 1067 1426 erat
1102 1380 1381 1443 persuadere
1416 1379 1633 1438 difficile,

233 1452 404 1515 quibus
427 1454 616 1514 odium,
644 1456 774 1517 quod
802 1456 1024 1502 adversus
1052 1456 1222 1502 ducem
1256 1473 1391 1502 suum
1416 1457 1636 1503 Carolum

231 1528 584 1576 acerbissimum
608 1542 924 1594 conceperant
944 1569 955 1590 ,
979 1531 1104 1577 idem
1127 1531 1309 1577 dudum
1331 1542 1551 1578 suaserat.

296 1610 331 1651 A
364 1623 459 1668 quo
490 1607 659 1653 affectu
698 1624 784 1654 nec
822 1609 960 1654 alieni
998 1618 1130 1654 erant
1171 1609 1309 1654 etiam
1352 1609 1636 1672 principissae

230 1682 423 1743 subditi,
452 1684 623 1745 quibus
650 1694 716 1729 est
747 1686 973 1746 gallicana
1004 1686 1163 1747 lingua
1187 1695 1413 1731 materna.
1450 1687 1636 1749 Experti

229 1760 357 1806 enim
392 1760 685 1821 vicinorum,
712 1763 792 1824 qui
823 1762 911 1807 sub
946 1763 1064 1824 regis
1086 1762 1261 1824 degunt
1283 1763 1479 1826 imperio
1500 1799 1511 1821 ,
1539 1764 1636 1807 mi-

231 1838 370 1883 serias
411 1847 457 1883 et
495 1838 810 1898 calamitates,
857 1838 1264 1904 durissi1nas[que]
1303 1839 1476 1902 quibus
1523 1855 1635 1902 pre-

230 1924 423 1959 muntur
447 1915 711 1975 servitutes,
738 1932 824 1960 nec
847 1915 987 1962 fastus
1014 1915 1378 1977 ambitionisque
1410 1918 1479 1961 sui
1504 1915 1635 1961 ducis

231 2007 380 2054 nuper
423 1992 634 2037 exstincti
666 1993 967 2038 immemores
1001 1994 1100 2055 (qui
1140 2009 1270 2038 more
1302 1993 1428 2054 regio
1459 1992 1632 2038 eisdem

230 2068 459 2131 imperare
482 2069 758 2128 inchoarat,
785 2079 831 2115 et
860 2069 1044 2132 plenius
1068 2080 1208 2132 atque
1236 2068 1553 2115 abundantius
1586 2069 1630 2114 id

230 2145 466 2208 complere
507 2145 848 2208 disposuerat),
892 2163 988 2192 non
1020 2162 1304 2209 magnopere
1348 2144 1635 2207 exoptabant

229 2221 491 2284 principem
519 2221 695 2267 habere
720 2239 774 2268 ex
800 2223 1074 2286 proceribus
1103 2240 1183 2269 seu
1209 2221 1505 2284 magnatibus
1523 2222 1633 2267 Gal-

228 2298 418 2357 liarum,
462 2315 580 2360 quos
620 2300 764 2344 ferme
794 2316 985 2359 omnes,
1026 2301 1201 2346 eisdem
1236 2299 1426 2360 regendi
1456 2297 1633 2344 artibus

229 2376 462 2420 institutos
495 2385 633 2437 atque
665 2376 711 2419 in
739 2377 903 2421 eadem
936 2377 1096 2424 schola
1125 2376 1354 2434 imbutos,
1390 2392 1487 2420 non
1511 2375 1631 2420 absi-

230 2452 360 2498 miles
380 2453 470 2513 regi
500 2452 598 2497 fore
623 2452 965 2514 conjectabant.

282 2570 320 2605 1.
352 2568 509 2603 Nomine
531 2570 639 2612 Jean,
659 2581 806 2604 comme
825 2568 890 2604 lui.

284 2630 321 2666 Ξ.
353 2627 583 2678 Satagebant
602 2629 694 2665 dans
710 2629 744 2665 le
765 2642 833 2666 ms.

283 2690 319 2726 3.
354 2691 469 2725 [niret
487 2689 579 2726 dans
604 2690 639 2726 le
660 2703 730 2726 ms.
