1875 2956
248 220 293 254 126
611 215 942 253 HISTORIARUM
971 217 1203 256 LUDOVICI
1233 222 1287 256 XI

248 305 440 349 minime
475 305 763 367 placerent),
790 302 868 346 sed
904 318 1000 346 non
1031 319 1084 348 ea
1120 305 1210 349 tide
1244 323 1327 368 per
1360 308 1536 366 omnia,
1573 308 1646 353 cui

248 391 545 439 mercatores,
567 379 743 440 absque
762 379 936 439 ingenti
963 380 1191 442 periculo,
1215 398 1262 426 se
1281 384 1505 430 auderent
1524 401 1650 430 corn-

249 459 444 503 mittere.
491 460 606 501 Nam
631 455 786 518 palam
806 491 817 513 ,
849 465 970 501 terra
1006 457 1217 519 marique
1251 459 1551 520 praedonibus
1582 461 1650 505 in-

247 533 566 591 cursantibus,
598 532 769 577 sensim
811 531 1075 594 perturbari
1107 543 1151 578 et
1184 533 1349 579 violari
1380 545 1647 598 coeperunt,

247 612 415 674 praedis
439 620 485 654 et
514 609 687 672 rapinis
714 609 825 654 hinc
855 618 898 654 et
928 609 1037 655 inde
1064 609 1219 669 factis,
1253 610 1484 657 ambabus
1515 615 1654 675 parti-

247 687 335 732 bus
361 688 406 730 in
437 686 684 732 alterutros
725 702 912 731 causam
950 687 1129 748 injuriae
1154 696 1199 732 et
1231 687 1416 732 initium
1452 698 1653 751 rupturae

250 763 570 810 referentibus.
621 763 956 809 AEstirnabatur
997 773 1153 808 tamen
1195 780 1222 809 a
1251 765 1407 810 multis
1440 765 1655 827 hujusce-

250 843 377 888 modi
402 852 571 904 treugae
595 842 998 906 perturbationem
1022 857 1049 888 a
1069 841 1266 887 subditis
1286 842 1440 901 ducis,
1465 842 1651 905 quibus,

249 921 312 965 uti
340 919 544 964 diximus
560 957 570 976 ,
594 936 776 983 semper
801 937 854 965 ex
887 919 1019 965 initio
1052 919 1379 982 displicuerat,
1410 930 1532 966 terra
1559 936 1656 966 ma-

250 998 381 1059 rique
401 997 663 1043 inchoasse.

703 1192 1040 1235 CAPITULUM
1076 1193 1195 1236 Xffl.

254 1323 303 1353 De
329 1318 419 1352 dieta
449 1326 573 1352 statuta
598 1317 642 1351 ad
661 1317 942 1352 conveniendum
968 1318 1161 1360 Cameraci,
1189 1331 1254 1365 pro
1277 1332 1361 1366 pace
1377 1319 1660 1366 tractanda,quae

735 1375 876 1408 minime
895 1375 1074 1408 observata
1095 1375 1172 1410 fuit.

319 1492 506 1549 Fuerat,
551 1490 597 1534 in
641 1489 857 1535 faciendo
910 1488 954 1534 et
1007 1490 1288 1552 paciscendo
1333 1491 1661 1553 hujuscemodi

256 1575 464 1626 treugas,
502 1575 671 1611 statuta
710 1576 756 1610 et
792 1566 997 1625 indicta,
1028 1565 1276 1611 ambarum
1310 1568 1512 1630 partium
1549 1584 1662 1613 con-

253 1658 421 1699 sensu,
446 1642 571 1688 dieta
605 1642 887 1688 celebranda
909 1642 1035 1705 apud
1058 1644 1392 1703 Cameracnm,
1429 1643 1511 1689 ubi
1543 1644 1661 1706 regis

255 1729 299 1764 et
332 1719 463 1764 ducis
502 1718 743 1782 deputati,
780 1719 840 1764 ad
878 1718 1175 1765 tractandum
1212 1719 1270 1765 de
1306 1737 1420 1783 pace
1453 1721 1525 1766 vel
1556 1737 1663 1784 pro-

255 1797 417 1841 lixiore
453 1805 642 1857 treuga,
681 1796 934 1842 convenire
978 1795 1203 1842 deberent
1245 1798 1463 1860 proximo
1504 1814 1662 1844 mense

256 1872 526 1937 septembri.
577 1873 864 1919 Adveniente
900 1889 1011 1919 vero
1055 1882 1227 1919 statuto
1268 1884 1514 1938 tempore,
1553 1892 1661 1921 cum

256 1951 392 2012 legati
418 1950 552 1996 ducis
580 1967 677 1996 sese
706 1951 832 2014 apud
856 1950 1030 1996 dictam
1059 1949 1226 1996 urbem
1254 1952 1565 2015 recepissent,
1602 1952 1663 1996 le-

259 2027 349 2088 gati
366 2037 411 2071 et
430 2027 736 2072 commissarii
762 2027 880 2089 regis
899 2029 907 2049 ¹
936 2044 1031 2072 non
1057 2028 1251 2090 propius
1271 2044 1413 2090 quam
1431 2027 1660 2091 oppidum

259 2104 645 2160 Sancti-Quintilii
670 2104 892 2150 accedere
915 2104 1181 2150 voluerunt.
1213 2107 1320 2160 Quo
1345 2121 1452 2150 cum
1476 2104 1548 2164 hi,
1581 2105 1660 2167 qui

259 2185 565 2228 Cameracum
598 2198 649 2226 ex
685 2191 815 2245 parte
845 2181 977 2227 ducis
1012 2182 1300 2228 advenerant
1320 2218 1331 2239 ,
1369 2182 1561 2226 minime
1595 2182 1661 2226 ire

262 2260 429 2305 vellent
447 2297 458 2319 ,
492 2276 577 2304 nec
608 2259 684 2304 alii
715 2263 1021 2305 Cameracum
1039 2260 1202 2321 ,juxta
1233 2259 1360 2320 quod
1388 2259 1661 2304 condictum

259 2337 513 2394 exstiterat,
549 2334 789 2395 accedere,
823 2336 931 2399 ipsis
958 2336 1085 2398 (licet
1109 2336 1230 2380 nltro
1253 2336 1464 2397 citroque
1487 2335 1662 2380 securi-

261 2422 376 2458 tates
413 2422 458 2457 et
489 2412 661 2457 litteras
696 2411 754 2456 de
793 2413 920 2457 salu)
956 2411 1193 2457 conductu
1231 2412 1431 2457 invicem
1469 2411 1662 2457 offeren-

314 2575 352 2609 1.
384 2574 451 2608 Ces
470 2570 763 2615 commissaires,
788 2582 834 2606 au
854 2568 1014 2606 nombre
1037 2569 1083 2605 ‹le
1103 2569 1181 2615 six,
1204 2578 1288 2606 sont
1306 2572 1477 2607 nomines
1498 2570 1589 2606 dans
1611 2582 1659 2605 un

263 2635 455 2683 protocole
485 2633 548 2684 qui
577 2634 641 2670 fait
670 2633 765 2669 suite
789 2635 809 2669 a
840 2633 946 2669 tacte
970 2632 1017 2667 de
1045 2633 1079 2668 la
1104 2634 1222 2669 treve.
1255 2634 1658 2682 Lenglet-Dusresno),

264 2700 481 2742 Commium,
505 2705 530 2732 t.
554 2697 607 2731 III
623 2724 631 2739 ,
655 2709 691 2744 p.
714 2697 803 2732 546.
