1875 2956
231 239 305 273 31⁶2
798 239 1042 274 APOLOGIA
1057 267 1066 284 ,

233 324 485 372 mobilibus
505 327 838 389 spoliaremur,
865 341 1013 388 eaque
1036 326 1296 390 diripienda
1321 341 1364 375 et
1391 330 1627 394 perdenda

232 402 459 465 improbis
482 403 673 462 hujusce
703 402 870 446 uostris
896 402 1183 448 delatoribus
1205 403 1505 453 donarentur.

296 480 403 534 Sed,
435 478 562 540 quod
587 478 660 522 bis
685 478 906 523 omnibus
929 479 1112 524 damnis
1132 480 1370 543 amplioris
1393 485 1631 530 anxietatis

234 565 277 600 et
306 555 527 600 molestia*
559 554 695 599 nobis
728 555 968 600 materiam
998 556 1166 614 attulit,
1194 556 1368 601 eisdem
1406 559 1631 620 iniquissi-

231 633 318 677 mis
341 630 614 675 bominibus
638 630 906 692 agentibus,
931 632 1026 677 duo
1054 632 1261 692 germani
1284 633 1456 692 nostri,
1483 636 1633 681 Ludo-

236 709 360 752 vieus
382 717 425 751 et
448 706 691 767 Thomas¹,
719 708 801 769 qui
819 707 1298 755 administrandarum
1316 724 1471 754 rerum
1495 712 1633 758 totius

232 786 623 841 ecclesiaenostrae
645 796 689 831 et
712 788 984 850 patrimonii
1017 804 1177 833 curam
1206 787 1429 850 gerebant
1454 789 1501 834 in
1527 791 1634 836 civi-

233 873 323 908 tate
353 872 534 919 nostra,
566 879 593 908 a
615 864 765 926 patria
796 874 841 909 et
874 865 1075 928 propriis
1114 866 1260 910 avulsi
1292 865 1468 911 laribus
1497 876 1635 929 atque

232 939 535 1001 conjugibus,
565 941 735 1003 captivi
765 941 825 985 ad
848 957 1004 1003 regem
1040 941 1229 987 abducti
1262 951 1370 986 sunt
1408 958 1516 987 cum
1545 959 1637 989 ma-

231 1016 357 1062 ximo
382 1017 483 1061 vita*
507 1033 599 1061 suae
624 1017 917 1073 discrimine3
953 1018 1173 1081 fuereque
1201 1019 1375 1064 detenti
1399 1019 1525 1082 apud
1548 1022 1636 1065 Tu-

233 1095 362 1139 ronis
385 1111 469 1158 per
490 1111 670 1140 annum
693 1111 801 1140 cum
834 1095 1030 1141 dimidio
1054 1112 1163 1141 cum
1195 1095 1462 1159 ingentibus
1483 1106 1633 1153 metu,

234 1171 372 1217 taedio
408 1181 453 1217 et
491 1171 762 1233 angoribus.
802 1175 909 1228 Quo
951 1172 1226 1218 decurrente
1257 1183 1493 1236 tempore,
1530 1189 1638 1219 cum

234 1259 392 1311 raptos
426 1258 471 1293 et
506 1265 561 1293 ex
587 1248 779 1294 diversis
803 1249 1061 1294 Galliarum
1091 1250 1347 1313 provinciis
1371 1266 1457 1313 pro
1485 1249 1639 1294 simili-

234 1323 322 1369 bus
345 1324 592 1370 calumniis
618 1334 663 1369 et
694 1325 844 1370 causis
867 1324 1096 1371 adductos
1119 1326 1421 1388 quamplures
1437 1363 1447 1382 ,
1472 1325 1518 1370 in
1544 1325 1640 1370 ssu—

235 1402 360 1446 mine
399 1401 653 1447 suffocatos
692 1412 771 1447 aut
821 1402 952 1447 aliter
991 1412 1210 1448 enecatos
1252 1403 1493 1462 audirent,
1545 1412 1640 1447 tam

234 1479 371 1523 anxia
404 1479 575 1540 jugiter
612 1479 949 1541 premebantur
988 1480 1238 1525 formidine
1285 1490 1335 1525 ut
1374 1496 1470 1524 non
1514 1479 1640 1525 aliud

235 1565 572 1618 exspectarent,
605 1572 747 1617 quam
774 1557 902 1617 quod
926 1557 1138 1602 dietenus
1161 1557 1369 1601 similiter
1392 1557 1452 1602 ad
1476 1572 1640 1601 necem

236 1632 334 1694 rapi
360 1641 500 1693 atque
533 1632 642 1677 duci
665 1632 905 1677 deberent.

301 1711 421 1753 Cum
446 1718 602 1753 autem
626 1725 709 1754 sua
732 1709 1002 1770 hujusmodi
1031 1719 1160 1754 tanta
1183 1709 1387 1772 pericula
1407 1745 1416 1766 ,
1451 1724 1642 1753 succen-

239 1802 436 1847 sumque
476 1784 595 1830 adeo
630 1786 677 1829 in
713 1802 800 1830 1105
835 1795 878 1830 et
908 1802 1028 1844 sese,
1055 1802 1194 1831 causa
1216 1787 1388 1841 nostri,
1425 1786 1543 1846 regis
1575 1786 1643 1829 fu-

239 1879 417 1919 rorem,
462 1871 627 1923 agente
663 1862 1056 1907 calumniatorum
1094 1862 1324 1923 nequitia,
1368 1861 1506 1906 nobis
1544 1861 1646 1906 inti-

239 1956 367 1985 mare
413 1949 677 1998 curassent,
727 1940 807 2001 qui
854 1949 953 1984 tum
996 1938 1257 1997 Gebennis,
1303 1938 1369 1982 uti
1415 1937 1641 1996 diximus,

239 2030 447 2072 eramus,
501 2014 933 2076 supplicassentque
984 2013 1041 2058 ad
1082 2011 1388 2073 mitigandam
1428 2012 1645 2072 hujusce-

240 2090 370 2135 modi
408 2090 743 2152 indignationis
782 2092 917 2152 regiae
949 2090 1275 2148 acerbitatem,
1319 2090 1397 2151 qui
1432 2099 1529 2134 tum
1562 2090 1645 2133 Sa-

240 2166 463 2213 baudiam
510 2167 813 2212 rehementer
854 2167 916 2212 ol)
965 2167 1137 2212 factum
1176 2167 1408 2211 dictorum
1452 2165 1643 2210 fratrum

243 2244 509 2306 principum
529 2260 718 2289 exosam
744 2243 948 2289 habebat
967 2280 978 2299 ,
1016 2253 1245 2304 quatenus
1271 2258 1325 2287 ea
1358 2240 1579 2286 excedere
1602 2249 1647 2285 et

242 2322 288 2365 in
313 2320 615 2365 Germaniam
637 2336 723 2365 nos
747 2320 995 2365 transferre
1014 2319 1254 2375 x‘ellemus,
1282 2318 1439 2362 relicta
1462 2317 1645 2362 cix'itate

243 2397 591 2455 Gebennensi2,
644 2398 863 2443 Basileam
909 2414 993 2441 1105
1032 2397 1342 2451 contulimus,
1396 2406 1645 2458 postquam

242 2476 467 2520 trimestre
492 2474 691 2537 spatium
715 2473 842 2536 apud
868 2473 1118 2518 Cebennas
1143 2473 1518 2535 perfecissemus,
1547 2488 1647 2534 spe-

296 2604 332 2638 1.
365 2601 480 2637 Louis
498 2608 533 2636 et
553 2600 714 2636 Thomas
744 2600 875 2643 Basin,
904 2600 1076 2637 nommes
1099 2600 1192 2636 dans
1220 2600 1405 2650 plusieurs
1433 2598 1498 2634 des
1526 2598 1648 2646 pieces

241 2663 497 2709 justificatives
517 2665 632 2711 qu'on
654 2671 829 2698 trouvera
849 2661 942 2698 dans
965 2662 999 2698 le
1023 2664 1087 2698 ΙΨ
1108 2662 1274 2701 volume.

297 2728 334 2763 2.
367 2727 458 2760 Vers
478 2724 513 2761 le
534 2724 626 2761 mois
642 2724 688 2761 (le
705 2723 918 2775 septembre
936 2725 1052 2762 1468.
