<?xml version="1.0" encoding="UTF-8"?>
<!DOCTYPE html PUBLIC "-//W3C//DTD XHTML 1.0 Transitional//EN"
    "http://www.w3.org/TR/xhtml1/DTD/xhtml1-transitional.dtd">
<html xmlns="http://www.w3.org/1999/xhtml" xml:lang="en" lang="en">
 <head>
  <title>
</title>
<meta http-equiv="Content-Type" content="text/html;charset=utf-8" />
  <meta name='ocr-system' content='tesseract 3.04.00' />
  <meta name='ocr-capabilities' content='ocr_page ocr_carea ocr_par ocr_line ocrx_word'/>
</head>
<body>
  <div class='ocr_page' id='page_1' title='image "./histoiredesrgn03basi_0366.png"; bbox 0 0 1875 2956; ppageno 0'>
   <div class='ocr_carea' id='block_1_1' title="bbox 251 240 1082 285">
    <p class='ocr_par' dir='ltr' id='par_1_1' title="bbox 251 240 1082 285">
     <span class='ocr_line' id='line_1_1' title="bbox 251 240 1082 285; baseline 0.004 -8"><span class='ocrx_word' id='word_1_1' title='bbox 251 244 322 278; x_wconf 70' lang='lat'><strong>314</strong></span> <span class='ocrx_word' id='word_1_2' title='bbox 815 240 1062 280; x_wconf 76' lang='lat' dir='ltr'><strong>APOLOGIA</strong></span> <span class='ocrx_word' id='word_1_3' title='bbox 1073 272 1082 285; x_wconf 83' lang='lat'>,</span> 
     </span>
    </p>
   </div>
   <div class='ocr_carea' id='block_1_2' title="bbox 701 426 1193 469">
    <p class='ocr_par' dir='ltr' id='par_1_2' title="bbox 701 426 1193 469">
     <span class='ocr_line' id='line_1_2' title="bbox 701 426 1193 469; baseline 0 -1"><span class='ocrx_word' id='word_1_4' title='bbox 701 426 1038 469; x_wconf 84' lang='lat' dir='ltr'><strong>CAPlTULUM</strong></span> <span class='ocrx_word' id='word_1_5' title='bbox 1073 426 1193 468; x_wconf 86' lang='lat' dir='ltr'><strong>XIX.</strong></span> 
     </span>
    </p>
   </div>
   <div class='ocr_carea' id='block_1_3' title="bbox 247 557 1649 704">
    <p class='ocr_par' dir='ltr' id='par_1_3' title="bbox 247 557 1649 704">
     <span class='ocr_line' id='line_1_3' title="bbox 247 557 1649 606; baseline 0.005 -16"><span class='ocrx_word' id='word_1_6' title='bbox 247 558 439 601; x_wconf 85' lang='lat' dir='ltr'>Quomodo</span> <span class='ocrx_word' id='word_1_7' title='bbox 457 557 565 591; x_wconf 83' lang='lat' dir='ltr'>nostri</span> <span class='ocrx_word' id='word_1_8' title='bbox 582 567 829 603; x_wconf 72' lang='lat' dir='ltr'>persecutores,</span> <span class='ocrx_word' id='word_1_9' title='bbox 848 570 912 591; x_wconf 91' lang='lat' dir='ltr'><strong>nos</strong></span> <span class='ocrx_word' id='word_1_10' title='bbox 929 570 946 590; x_wconf 85' lang='lat' dir='ltr'><strong>e</strong></span> <span class='ocrx_word' id='word_1_11' title='bbox 964 558 1088 591; x_wconf 85' lang='lat' dir='ltr'><strong>saeculo</strong></span> <span class='ocrx_word' id='word_1_12' title='bbox 1101 557 1263 603; x_wconf 86' lang='lat' dir='ltr'>migrasse</span> <span class='ocrx_word' id='word_1_13' title='bbox 1281 559 1524 606; x_wconf 87' lang='lat' dir='ltr'><strong>confingentes,</strong></span> <span class='ocrx_word' id='word_1_14' title='bbox 1542 564 1649 597; x_wconf 81' lang='lat' dir='ltr'><strong>eccle-</strong></span> 
     </span>
     <span class='ocr_line' id='line_1_4' title="bbox 293 614 1648 663; baseline 0.004 -16"><span class='ocrx_word' id='word_1_15' title='bbox 293 614 376 647; x_wconf 82' lang='lat' dir='ltr'>siam</span> <span class='ocrx_word' id='word_1_16' title='bbox 395 622 560 658; x_wconf 83' lang='lat' dir='ltr'><strong>nostram‚</strong></span> <span class='ocrx_word' id='word_1_17' title='bbox 576 622 741 659; x_wconf 81' lang='lat' dir='ltr'><strong>tanquam</strong></span> <span class='ocrx_word' id='word_1_18' title='bbox 753 627 816 660; x_wconf 70' lang='lat' dir='ltr'><strong>per</strong></span> <span class='ocrx_word' id='word_1_19' title='bbox 833 614 967 647; x_wconf 88' lang='lat' dir='ltr'><strong>obitum</strong></span> <span class='ocrx_word' id='word_1_20' title='bbox 986 622 1143 647; x_wconf 86' lang='lat' dir='ltr'><strong>nostrum</strong></span> <span class='ocrx_word' id='word_1_21' title='bbox 1160 622 1350 659; x_wconf 63' lang='lat' dir='ltr'><strong>vacantem,</strong></span> <span class='ocrx_word' id='word_1_22' title='bbox 1369 625 1447 650; x_wconf 88' lang='lat' dir='ltr'><strong>sunt</strong></span> <span class='ocrx_word' id='word_1_23' title='bbox 1461 620 1648 663; x_wconf 86' lang='lat' dir='ltr'><strong>prosecuti,</strong></span> 
     </span>
     <span class='ocr_line' id='line_1_5' title="bbox 293 669 1055 704; baseline 0.001 -2"><span class='ocrx_word' id='word_1_24' title='bbox 293 678 324 703; x_wconf 83' lang='lat' dir='ltr'><strong>et</strong></span> <span class='ocrx_word' id='word_1_25' title='bbox 341 669 384 703; x_wconf 85' lang='lat' dir='ltr'><strong>de</strong></span> <span class='ocrx_word' id='word_1_26' title='bbox 401 671 547 703; x_wconf 83' lang='lat' dir='ltr'><strong>transitu</strong></span> <span class='ocrx_word' id='word_1_27' title='bbox 564 683 606 704; x_wconf 89' lang='lat' dir='ltr'><strong>ex</strong></span> <span class='ocrx_word' id='word_1_28' title='bbox 623 671 752 704; x_wconf 80' lang='lat' dir='ltr'><strong>Basilea</strong></span> <span class='ocrx_word' id='word_1_29' title='bbox 770 671 804 703; x_wconf 91' lang='lat' dir='ltr'><strong>in</strong></span> <span class='ocrx_word' id='word_1_30' title='bbox 821 670 1055 704; x_wconf 81' lang='lat' dir='ltr'><strong>Brabautiam.</strong></span> 
     </span>
    </p>
   </div>
   <div class='ocr_carea' id='block_1_4' title="bbox 246 791 1657 2622">
    <p class='ocr_par' dir='ltr' id='par_1_4' title="bbox 246 791 1657 2622">
     <span class='ocr_line' id='line_1_6' title="bbox 313 791 1651 854; baseline 0.006 -20"><span class='ocrx_word' id='word_1_31' title='bbox 313 791 540 846; x_wconf 85' lang='lat' dir='ltr'><strong>Quinimo</strong></span> <span class='ocrx_word' id='word_1_32' title='bbox 587 792 968 854; x_wconf 83' lang='lat' dir='ltr'><strong>confingentibus</strong></span> <span class='ocrx_word' id='word_1_33' title='bbox 1015 792 1184 838; x_wconf 86' lang='lat' dir='ltr'><strong>nostris</strong></span> <span class='ocrx_word' id='word_1_34' title='bbox 1238 793 1651 843; x_wconf 82' lang='lat' dir='ltr'>calumniatoribus</span> 
     </span>
     <span class='ocr_line' id='line_1_7' title="bbox 246 868 1650 931; baseline 0.005 -18"><span class='ocrx_word' id='word_1_35' title='bbox 246 868 376 930; x_wconf 87' lang='lat' dir='ltr'><strong>quod</strong></span> <span class='ocrx_word' id='word_1_36' title='bbox 400 885 455 913; x_wconf 84' lang='lat' dir='ltr'><strong>ex</strong></span> <span class='ocrx_word' id='word_1_37' title='bbox 479 868 571 914; x_wconf 86' lang='lat' dir='ltr'><strong>hoe</strong></span> <span class='ocrx_word' id='word_1_38' title='bbox 591 870 759 915; x_wconf 76' lang='lat' dir='ltr'><strong>saeeulo</strong></span> <span class='ocrx_word' id='word_1_39' title='bbox 785 871 1139 931; x_wconf 82' lang='lat' dir='ltr'><strong>migrassemus,</strong></span> <span class='ocrx_word' id='word_1_40' title='bbox 1167 869 1479 917; x_wconf 82' lang='lat' dir='ltr'><strong>obtinuerunt</strong></span> <span class='ocrx_word' id='word_1_41' title='bbox 1506 872 1565 918; x_wconf 87' lang='lat' dir='ltr'><strong>ab</strong></span> <span class='ocrx_word' id='word_1_42' title='bbox 1595 890 1650 920; x_wconf 88' lang='lat' dir='ltr'><strong>eo</strong></span> 
     </span>
     <span class='ocr_line' id='line_1_8' title="bbox 249 944 1653 1008; baseline 0.004 -19"><span class='ocrx_word' id='word_1_43' title='bbox 249 945 419 990; x_wconf 80' lang='lat' dir='ltr'>litteras</span> <span class='ocrx_word' id='word_1_44' title='bbox 442 945 501 990; x_wconf 89' lang='lat' dir='ltr'><strong>ad</strong></span> <span class='ocrx_word' id='word_1_45' title='bbox 530 961 767 991; x_wconf 86' lang='lat' dir='ltr'><strong>summum</strong></span> <span class='ocrx_word' id='word_1_46' title='bbox 788 944 1079 1008; x_wconf 82' lang='lat' dir='ltr'><strong>pontificem¹</strong></span> <span class='ocrx_word' id='word_1_47' title='bbox 1097 955 1143 991; x_wconf 88' lang='lat' dir='ltr'><strong>et</strong></span> <span class='ocrx_word' id='word_1_48' title='bbox 1160 946 1380 992; x_wconf 89' lang='lat' dir='ltr'><strong>dominos</strong></span> <span class='ocrx_word' id='word_1_49' title='bbox 1396 947 1653 996; x_wconf 83' lang='lat' dir='ltr'><strong>cardinales</strong></span> 
     </span>
     <span class='ocr_line' id='line_1_9' title="bbox 246 1021 1652 1088; baseline 0.006 -23"><span class='ocrx_word' id='word_1_50' title='bbox 246 1021 374 1082; x_wconf 91' lang='lat' dir='ltr'><strong>quod</strong></span> <span class='ocrx_word' id='word_1_51' title='bbox 403 1021 461 1066; x_wconf 91' lang='lat' dir='ltr'><strong>de</strong></span> <span class='ocrx_word' id='word_1_52' title='bbox 499 1022 694 1067; x_wconf 83' lang='lat' dir='ltr'><strong>ecelesia</strong></span> <span class='ocrx_word' id='word_1_53' title='bbox 716 1032 876 1068; x_wconf 89' lang='lat' dir='ltr'><strong>nostra</strong></span> <span class='ocrx_word' id='word_1_54' title='bbox 898 1023 1067 1068; x_wconf 91' lang='lat' dir='ltr'><strong>stolido</strong></span> <span class='ocrx_word' id='word_1_55' title='bbox 1101 1023 1227 1068; x_wconf 87' lang='lat' dir='ltr'><strong>fratri</strong></span> <span class='ocrx_word' id='word_1_56' title='bbox 1251 1024 1372 1069; x_wconf 90' lang='lat' dir='ltr'><strong>illius</strong></span> <span class='ocrx_word' id='word_1_57' title='bbox 1394 1025 1652 1088; x_wconf 86' lang='lat' dir='ltr'><strong>impiissimi</strong></span> 
     </span>
     <span class='ocr_line' id='line_1_10' title="bbox 246 1098 1649 1164; baseline 0.004 -21"><span class='ocrx_word' id='word_1_58' title='bbox 246 1098 451 1144; x_wconf 81' lang='lat' dir='ltr'><strong>satellitis</strong></span> <span class='ocrx_word' id='word_1_59' title='bbox 465 1099 552 1157; x_wconf 85' lang='lat' dir='ltr'><strong>sui,</strong></span> <span class='ocrx_word' id='word_1_60' title='bbox 569 1099 626 1143; x_wconf 91' lang='lat' dir='ltr'><strong>de</strong></span> <span class='ocrx_word' id='word_1_61' title='bbox 638 1114 733 1160; x_wconf 82' lang='lat' dir='ltr'><strong>quo</strong></span> <span class='ocrx_word' id='word_1_62' title='bbox 747 1116 889 1162; x_wconf 89' lang='lat' dir='ltr'><strong>supra</strong></span> <span class='ocrx_word' id='word_1_63' title='bbox 898 1100 1212 1160; x_wconf 79' lang='lat' dir='ltr'><strong>meminimus,</strong></span> <span class='ocrx_word' id='word_1_64' title='bbox 1228 1100 1477 1163; x_wconf 83' lang='lat' dir='ltr'><strong>providere</strong></span> <span class='ocrx_word' id='word_1_65' title='bbox 1497 1103 1649 1164; x_wconf 85' lang='lat' dir='ltr'><strong>vellet,</strong></span> 
     </span>
     <span class='ocr_line' id='line_1_11' title="bbox 246 1175 1653 1242; baseline 0.005 -23"><span class='ocrx_word' id='word_1_66' title='bbox 246 1184 471 1237; x_wconf 90' lang='lat' dir='ltr'><strong>tanquam</strong></span> <span class='ocrx_word' id='word_1_67' title='bbox 501 1191 584 1238; x_wconf 88' lang='lat' dir='ltr'><strong>per</strong></span> <span class='ocrx_word' id='word_1_68' title='bbox 617 1175 800 1221; x_wconf 89' lang='lat' dir='ltr'><strong>obitum</strong></span> <span class='ocrx_word' id='word_1_69' title='bbox 825 1185 1038 1222; x_wconf 88' lang='lat' dir='ltr'><strong>nostrum</strong></span> <span class='ocrx_word' id='word_1_70' title='bbox 1062 1187 1272 1224; x_wconf 85' lang='lat' dir='ltr'><strong>vacante.</strong></span> <span class='ocrx_word' id='word_1_71' title='bbox 1305 1177 1371 1223; x_wconf 87' lang='lat' dir='ltr'><strong>Ad</strong></span> <span class='ocrx_word' id='word_1_72' title='bbox 1397 1179 1653 1242; x_wconf 84' lang='lat' dir='ltr'><strong>capitulum</strong></span> 
     </span>
     <span class='ocr_line' id='line_1_12' title="bbox 246 1253 1653 1318; baseline 0.004 -22"><span class='ocrx_word' id='word_1_73' title='bbox 246 1253 386 1297; x_wconf 87' lang='lat' dir='ltr'><strong>etiam</strong></span> <span class='ocrx_word' id='word_1_74' title='bbox 412 1263 626 1298; x_wconf 86' lang='lat' dir='ltr'><strong>nostrum</strong></span> <span class='ocrx_word' id='word_1_75' title='bbox 655 1253 965 1299; x_wconf 79' lang='lat' dir='ltr'><strong>obtinuerunt</strong></span> <span class='ocrx_word' id='word_1_76' title='bbox 997 1254 1193 1313; x_wconf 79' lang='lat' dir='ltr'><strong>litteras,</strong></span> <span class='ocrx_word' id='word_1_77' title='bbox 1231 1271 1317 1318; x_wconf 87' lang='lat' dir='ltr'><strong>per</strong></span> <span class='ocrx_word' id='word_1_78' title='bbox 1340 1271 1456 1317; x_wconf 87' lang='lat' dir='ltr'><strong>quas</strong></span> <span class='ocrx_word' id='word_1_79' title='bbox 1479 1272 1559 1301; x_wconf 82' lang='lat' dir='ltr'><strong>rex</strong></span> <span class='ocrx_word' id='word_1_80' title='bbox 1590 1257 1653 1303; x_wconf 88' lang='lat' dir='ltr'><strong>eis</strong></span> 
     </span>
     <span class='ocr_line' id='line_1_13' title="bbox 246 1329 1652 1396; baseline 0.003 -22"><span class='ocrx_word' id='word_1_81' title='bbox 246 1329 502 1375; x_wconf 86' lang='lat' dir='ltr'><strong>mandabat</strong></span> <span class='ocrx_word' id='word_1_82' title='bbox 545 1340 776 1392; x_wconf 87' lang='lat' dir='ltr'><strong>quatenus</strong></span> <span class='ocrx_word' id='word_1_83' title='bbox 808 1330 1027 1376; x_wconf 88' lang='lat' dir='ltr'><strong>eumdem</strong></span> <span class='ocrx_word' id='word_1_84' title='bbox 1070 1331 1250 1377; x_wconf 84' lang='lat' dir='ltr'><strong>fatuum</strong></span> <span class='ocrx_word' id='word_1_85' title='bbox 1292 1333 1339 1377; x_wconf 92' lang='lat' dir='ltr'><strong>in</strong></span> <span class='ocrx_word' id='word_1_86' title='bbox 1381 1332 1652 1396; x_wconf 85' lang='lat' dir='ltr'><strong>episcopum</strong></span> 
     </span>
     <span class='ocr_line' id='line_1_14' title="bbox 247 1406 1655 1472; baseline 0.004 -23"><span class='ocrx_word' id='word_1_87' title='bbox 247 1422 384 1450; x_wconf 82' lang='lat' dir='ltr'><strong>suuni</strong></span> <span class='ocrx_word' id='word_1_88' title='bbox 423 1406 663 1467; x_wconf 78' lang='lat' dir='ltr'><strong>eligerent.</strong></span> <span class='ocrx_word' id='word_1_89' title='bbox 709 1409 829 1452; x_wconf 89' lang='lat' dir='ltr'><strong>Cum</strong></span> <span class='ocrx_word' id='word_1_90' title='bbox 869 1406 1042 1469; x_wconf 76' lang='lat' dir='ltr'><strong>quibus</strong></span> <span class='ocrx_word' id='word_1_91' title='bbox 1092 1408 1227 1469; x_wconf 86' lang='lat' dir='ltr'><strong>regiis</strong></span> <span class='ocrx_word' id='word_1_92' title='bbox 1259 1409 1492 1471; x_wconf 80' lang='lat' dir='ltr'><strong>epistolis,</strong></span> <span class='ocrx_word' id='word_1_93' title='bbox 1541 1426 1655 1472; x_wconf 87' lang='lat' dir='ltr'><strong>quas</strong></span> 
     </span>
     <span class='ocr_line' id='line_1_15' title="bbox 249 1482 1654 1549; baseline 0.004 -23"><span class='ocrx_word' id='word_1_94' title='bbox 249 1482 360 1527; x_wconf 87' lang='lat' dir='ltr'><strong>tales</strong></span> <span class='ocrx_word' id='word_1_95' title='bbox 389 1493 429 1527; x_wconf 87' lang='lat' dir='ltr'><strong>et</strong></span> <span class='ocrx_word' id='word_1_96' title='bbox 456 1485 625 1528; x_wconf 81' lang='lat' dir='ltr'><strong>totiens</strong></span> <span class='ocrx_word' id='word_1_97' title='bbox 654 1484 956 1543; x_wconf 78' lang='lat' dir='ltr'><strong>obtinebant,</strong></span> <span class='ocrx_word' id='word_1_98' title='bbox 991 1486 1208 1547; x_wconf 84' lang='lat' dir='ltr'><strong>quotiens</strong></span> <span class='ocrx_word' id='word_1_99' title='bbox 1241 1495 1285 1530; x_wconf 91' lang='lat' dir='ltr'><strong>et</strong></span> <span class='ocrx_word' id='word_1_100' title='bbox 1317 1486 1476 1547; x_wconf 88' lang='lat' dir='ltr'><strong>quales</strong></span> <span class='ocrx_word' id='word_1_101' title='bbox 1499 1496 1654 1549; x_wconf 85' lang='lat' dir='ltr'><strong>petere</strong></span> 
     </span>
     <span class='ocr_line' id='line_1_16' title="bbox 247 1558 1654 1625; baseline 0.004 -23"><span class='ocrx_word' id='word_1_102' title='bbox 247 1558 523 1616; x_wconf 86' lang='lat' dir='ltr'><strong>voluissent,</strong></span> <span class='ocrx_word' id='word_1_103' title='bbox 552 1560 665 1605; x_wconf 86' lang='lat' dir='ltr'><strong>hina</strong></span> <span class='ocrx_word' id='word_1_104' title='bbox 695 1562 793 1605; x_wconf 67' lang='lat' dir='ltr'><strong>viee</strong></span> <span class='ocrx_word' id='word_1_105' title='bbox 825 1561 884 1606; x_wconf 88' lang='lat' dir='ltr'><strong>ad</strong></span> <span class='ocrx_word' id='word_1_106' title='bbox 917 1577 1163 1606; x_wconf 81' lang='lat' dir='ltr'>romanam</span> <span class='ocrx_word' id='word_1_107' title='bbox 1188 1562 1367 1607; x_wconf 85' lang='lat' dir='ltr'><strong>curiam</strong></span> <span class='ocrx_word' id='word_1_108' title='bbox 1391 1563 1654 1625; x_wconf 85' lang='lat' dir='ltr'><strong>sumptibus</strong></span> 
     </span>
     <span class='ocr_line' id='line_1_17' title="bbox 248 1637 1655 1700; baseline 0.004 -21"><span class='ocrx_word' id='word_1_109' title='bbox 248 1638 416 1681; x_wconf 89' lang='lat' dir='ltr'><strong>nostris</strong></span> <span class='ocrx_word' id='word_1_110' title='bbox 438 1646 482 1681; x_wconf 90' lang='lat' dir='ltr'><strong>et</strong></span> <span class='ocrx_word' id='word_1_111' title='bbox 506 1637 565 1682; x_wconf 89' lang='lat' dir='ltr'><strong>de</strong></span> <span class='ocrx_word' id='word_1_112' title='bbox 585 1638 787 1683; x_wconf 69' lang='lat' dir='ltr'><strong>ecclesiae</strong></span> <span class='ocrx_word' id='word_1_113' title='bbox 808 1647 975 1682; x_wconf 62' lang='lat' dir='ltr'><strong>nostrie</strong></span> <span class='ocrx_word' id='word_1_114' title='bbox 999 1638 1327 1700; x_wconf 81' lang='lat' dir='ltr'><strong>proventibus,</strong></span> <span class='ocrx_word' id='word_1_115' title='bbox 1357 1655 1476 1700; x_wconf 87' lang='lat' dir='ltr'><strong>quos</strong></span> <span class='ocrx_word' id='word_1_116' title='bbox 1495 1640 1540 1684; x_wconf 90' lang='lat' dir='ltr'><strong>in</strong></span> <span class='ocrx_word' id='word_1_117' title='bbox 1562 1641 1655 1685; x_wconf 89' lang='lat' dir='ltr'><strong>suis</strong></span> 
     </span>
     <span class='ocr_line' id='line_1_18' title="bbox 246 1711 1655 1776; baseline 0.004 -21"><span class='ocrx_word' id='word_1_118' title='bbox 246 1711 486 1758; x_wconf 82' lang='lat' dir='ltr'><strong>habebant</strong></span> <span class='ocrx_word' id='word_1_119' title='bbox 511 1713 747 1771; x_wconf 81' lang='lat' dir='ltr'><strong>manibus,</strong></span> <span class='ocrx_word' id='word_1_120' title='bbox 778 1714 1032 1775; x_wconf 75' lang='lat' dir='ltr'><strong>legationes</strong></span> <span class='ocrx_word' id='word_1_121' title='bbox 1055 1715 1299 1773; x_wconf 82' lang='lat' dir='ltr'><strong>miserunt,</strong></span> <span class='ocrx_word' id='word_1_122' title='bbox 1331 1724 1551 1776; x_wconf 78' lang='lat' dir='ltr'><strong>tantaque</strong></span> <span class='ocrx_word' id='word_1_123' title='bbox 1573 1716 1655 1760; x_wconf 89' lang='lat' dir='ltr'><strong>im-</strong></span> 
     </span>
     <span class='ocr_line' id='line_1_19' title="bbox 247 1790 1656 1852; baseline 0.003 -19"><span class='ocrx_word' id='word_1_124' title='bbox 247 1790 547 1852; x_wconf 73' lang='lat' dir='ltr'><strong>portunitatis</strong></span> <span class='ocrx_word' id='word_1_125' title='bbox 584 1790 803 1836; x_wconf 86' lang='lat' dir='ltr'><strong>instantia</strong></span> <span class='ocrx_word' id='word_1_126' title='bbox 832 1792 1072 1836; x_wconf 82' lang='lat' dir='ltr'><strong>stultitiam</strong></span> <span class='ocrx_word' id='word_1_127' title='bbox 1110 1807 1242 1836; x_wconf 89' lang='lat' dir='ltr'><strong>suam</strong></span> <span class='ocrx_word' id='word_1_128' title='bbox 1277 1792 1569 1838; x_wconf 78' lang='lat' dir='ltr'><strong>manifestam</strong></span> <span class='ocrx_word' id='word_1_129' title='bbox 1594 1793 1656 1838; x_wconf 82' lang='lat' dir='ltr'><strong>se-</strong></span> 
     </span>
     <span class='ocr_line' id='line_1_20' title="bbox 247 1867 1657 1930; baseline 0.003 -20"><span class='ocrx_word' id='word_1_130' title='bbox 247 1876 437 1925; x_wconf 87' lang='lat' dir='ltr'><strong>cerunt‚</strong></span> <span class='ocrx_word' id='word_1_131' title='bbox 478 1876 527 1911; x_wconf 86' lang='lat' dir='ltr'><strong>ut</strong></span> <span class='ocrx_word' id='word_1_132' title='bbox 555 1867 873 1929; x_wconf 82' lang='lat' dir='ltr'><strong>provisionem</strong></span> <span class='ocrx_word' id='word_1_133' title='bbox 907 1867 964 1912; x_wconf 86' lang='lat' dir='ltr'><strong>de</strong></span> <span class='ocrx_word' id='word_1_134' title='bbox 992 1869 1092 1930; x_wconf 86' lang='lat' dir='ltr'><strong>ipsa</strong></span> <span class='ocrx_word' id='word_1_135' title='bbox 1122 1877 1282 1913; x_wconf 89' lang='lat' dir='ltr'><strong>nostra</strong></span> <span class='ocrx_word' id='word_1_136' title='bbox 1307 1868 1526 1923; x_wconf 86' lang='lat' dir='ltr'><strong>ecclesia,</strong></span> <span class='ocrx_word' id='word_1_137' title='bbox 1557 1878 1657 1915; x_wconf 87' lang='lat' dir='ltr'><strong>tan-</strong></span> 
     </span>
     <span class='ocr_line' id='line_1_21' title="bbox 247 1943 1656 2007; baseline 0.004 -20"><span class='ocrx_word' id='word_1_138' title='bbox 247 1959 390 2004; x_wconf 88' lang='lat' dir='ltr'><strong>quam</strong></span> <span class='ocrx_word' id='word_1_139' title='bbox 405 1960 489 2006; x_wconf 88' lang='lat' dir='ltr'><strong>per</strong></span> <span class='ocrx_word' id='word_1_140' title='bbox 508 1943 691 1989; x_wconf 87' lang='lat' dir='ltr'><strong>obitum</strong></span> <span class='ocrx_word' id='word_1_141' title='bbox 706 1954 919 1990; x_wconf 85' lang='lat' dir='ltr'><strong>nostrum</strong></span> <span class='ocrx_word' id='word_1_142' title='bbox 936 1954 1147 2003; x_wconf 80' lang='lat' dir='ltr'><strong>vacante,</strong></span> <span class='ocrx_word' id='word_1_143' title='bbox 1170 1946 1464 2007; x_wconf 86' lang='lat' dir='ltr'><strong>desuperque</strong></span> <span class='ocrx_word' id='word_1_144' title='bbox 1483 1946 1656 1992; x_wconf 86' lang='lat' dir='ltr'><strong>litteras</strong></span> 
     </span>
     <span class='ocr_line' id='line_1_22' title="bbox 248 2020 1649 2084; baseline 0.002 -21"><span class='ocrx_word' id='word_1_145' title='bbox 248 2020 528 2080; x_wconf 80' lang='lat' dir='ltr'><strong>apostolicas</strong></span> <span class='ocrx_word' id='word_1_146' title='bbox 554 2036 601 2065; x_wconf 90' lang='lat' dir='ltr'><strong>se</strong></span> <span class='ocrx_word' id='word_1_147' title='bbox 628 2030 888 2083; x_wconf 86' lang='lat' dir='ltr'><strong>reportasse</strong></span> <span class='ocrx_word' id='word_1_148' title='bbox 923 2020 1079 2084; x_wconf 87' lang='lat' dir='ltr'><strong>palam</strong></span> <span class='ocrx_word' id='word_1_149' title='bbox 1122 2020 1343 2066; x_wconf 86' lang='lat' dir='ltr'><strong>omnibus</strong></span> <span class='ocrx_word' id='word_1_150' title='bbox 1369 2022 1649 2083; x_wconf 87' lang='lat' dir='ltr'><strong>jactitarent.</strong></span> 
     </span>
     <span class='ocr_line' id='line_1_23' title="bbox 249 2095 1652 2159; baseline 0.003 -20"><span class='ocrx_word' id='word_1_151' title='bbox 249 2095 375 2149; x_wconf 84' lang='lat' dir='ltr'><strong>Quas</strong></span> <span class='ocrx_word' id='word_1_152' title='bbox 394 2095 604 2157; x_wconf 85' lang='lat' dir='ltr'><strong>profecto</strong></span> <span class='ocrx_word' id='word_1_153' title='bbox 620 2097 656 2141; x_wconf 90' lang='lat' dir='ltr'><strong>si</strong></span> <span class='ocrx_word' id='word_1_154' title='bbox 671 2096 749 2153; x_wconf 82' lang='lat' dir='ltr'><strong>ita,</strong></span> <span class='ocrx_word' id='word_1_155' title='bbox 772 2098 837 2141; x_wconf 89' lang='lat' dir='ltr'><strong>uti</strong></span> <span class='ocrx_word' id='word_1_156' title='bbox 851 2114 899 2142; x_wconf 92' lang='lat' dir='ltr'><strong>se</strong></span> <span class='ocrx_word' id='word_1_157' title='bbox 907 2097 1163 2159; x_wconf 73' lang='lat' dir='ltr'><strong>jactabant,</strong></span> <span class='ocrx_word' id='word_1_158' title='bbox 1188 2097 1652 2159; x_wconf 71' lang='lat' dir='ltr'><strong>obtinuerunt(q1md</strong></span> 
     </span>
     <span class='ocr_line' id='line_1_24' title="bbox 249 2173 1654 2237; baseline 0.004 -23"><span class='ocrx_word' id='word_1_159' title='bbox 249 2187 346 2215; x_wconf 90' lang='lat' dir='ltr'><strong>non</strong></span> <span class='ocrx_word' id='word_1_160' title='bbox 383 2173 491 2217; x_wconf 90' lang='lat' dir='ltr'><strong>satis</strong></span> <span class='ocrx_word' id='word_1_161' title='bbox 522 2173 769 2220; x_wconf 58' lang='lat' dir='ltr'><strong>x&#39;erisimile</strong></span> <span class='ocrx_word' id='word_1_162' title='bbox 797 2176 1153 2237; x_wconf 52' lang='lat' dir='ltr'><strong>existimamus),</strong></span> <span class='ocrx_word' id='word_1_163' title='bbox 1181 2176 1383 2221; x_wconf 88' lang='lat' dir='ltr'><strong>irrisorie</strong></span> <span class='ocrx_word' id='word_1_164' title='bbox 1421 2177 1485 2220; x_wconf 89' lang='lat' dir='ltr'><strong>eis</strong></span> <span class='ocrx_word' id='word_1_165' title='bbox 1517 2175 1654 2221; x_wconf 82' lang='lat' dir='ltr'><strong>fuisse</strong></span> 
     </span>
     <span class='ocr_line' id='line_1_25' title="bbox 248 2252 1655 2307; baseline 0.005 -16"><span class='ocrx_word' id='word_1_166' title='bbox 248 2264 518 2307; x_wconf 83' lang='lat' dir='ltr'><strong>concessas,</strong></span> <span class='ocrx_word' id='word_1_167' title='bbox 545 2266 654 2295; x_wconf 87' lang='lat' dir='ltr'><strong>cum</strong></span> <span class='ocrx_word' id='word_1_168' title='bbox 679 2252 737 2297; x_wconf 90' lang='lat' dir='ltr'><strong>de</strong></span> <span class='ocrx_word' id='word_1_169' title='bbox 762 2252 894 2297; x_wconf 85' lang='lat' dir='ltr'><strong>obitu</strong></span> <span class='ocrx_word' id='word_1_170' title='bbox 919 2263 1079 2298; x_wconf 88' lang='lat' dir='ltr'><strong>nostro</strong></span> <span class='ocrx_word' id='word_1_171' title='bbox 1104 2253 1219 2298; x_wconf 91' lang='lat' dir='ltr'><strong>nihil</strong></span> <span class='ocrx_word' id='word_1_172' title='bbox 1251 2253 1448 2298; x_wconf 89' lang='lat' dir='ltr'><strong>omnino</strong></span> <span class='ocrx_word' id='word_1_173' title='bbox 1474 2262 1655 2298; x_wconf 86' lang='lat' dir='ltr'><strong>consta-</strong></span> 
     </span>
     <span class='ocr_line' id='line_1_26' title="bbox 248 2325 1654 2392; baseline 0.004 -24"><span class='ocrx_word' id='word_1_174' title='bbox 248 2334 341 2383; x_wconf 86' lang='lat' dir='ltr'><strong>ret⁷</strong></span> <span class='ocrx_word' id='word_1_175' title='bbox 378 2325 436 2370; x_wconf 84' lang='lat' dir='ltr'><strong>ad</strong></span> <span class='ocrx_word' id='word_1_176' title='bbox 473 2342 637 2371; x_wconf 86' lang='lat' dir='ltr'><strong>eorum</strong></span> <span class='ocrx_word' id='word_1_177' title='bbox 671 2330 953 2374; x_wconf 83' lang='lat' dir='ltr'><strong>temeritates</strong></span> <span class='ocrx_word' id='word_1_178' title='bbox 981 2330 1448 2392; x_wconf 87' lang='lat' dir='ltr'><strong>importunitatesque</strong></span> <span class='ocrx_word' id='word_1_179' title='bbox 1485 2329 1654 2392; x_wconf 85' lang='lat' dir='ltr'><strong>depel—</strong></span> 
     </span>
     <span class='ocr_line' id='line_1_27' title="bbox 248 2401 1649 2469; baseline 0.004 -24"><span class='ocrx_word' id='word_1_180' title='bbox 248 2401 410 2446; x_wconf 88' lang='lat' dir='ltr'><strong>lendas</strong></span> <span class='ocrx_word' id='word_1_181' title='bbox 446 2403 600 2447; x_wconf 85' lang='lat' dir='ltr'><strong>nullus</strong></span> <span class='ocrx_word' id='word_1_182' title='bbox 639 2404 918 2450; x_wconf 80' lang='lat' dir='ltr'><strong>addubitare</strong></span> <span class='ocrx_word' id='word_1_183' title='bbox 958 2415 1124 2467; x_wconf 88' lang='lat' dir='ltr'><strong>potest.</strong></span> <span class='ocrx_word' id='word_1_184' title='bbox 1173 2405 1305 2451; x_wconf 86' lang='lat' dir='ltr'><strong>Unde</strong></span> <span class='ocrx_word' id='word_1_185' title='bbox 1340 2406 1482 2468; x_wconf 83' lang='lat' dir='ltr'><strong>paulo</strong></span> <span class='ocrx_word' id='word_1_186' title='bbox 1516 2416 1649 2469; x_wconf 79' lang='lat' dir='ltr'><strong>post,</strong></span> 
     </span>
     <span class='ocr_line' id='line_1_28' title="bbox 247 2478 1649 2545; baseline 0.005 -24"><span class='ocrx_word' id='word_1_187' title='bbox 247 2494 355 2522; x_wconf 88' lang='lat' dir='ltr'><strong>cum</strong></span> <span class='ocrx_word' id='word_1_188' title='bbox 379 2478 558 2539; x_wconf 87' lang='lat' dir='ltr'><strong>liquido</strong></span> <span class='ocrx_word' id='word_1_189' title='bbox 583 2480 629 2524; x_wconf 89' lang='lat' dir='ltr'><strong>in</strong></span> <span class='ocrx_word' id='word_1_190' title='bbox 656 2482 773 2541; x_wconf 70' lang='lat' dir='ltr'><strong>regis</strong></span> <span class='ocrx_word' id='word_1_191' title='bbox 798 2482 925 2526; x_wconf 85' lang='lat' dir='ltr'><strong>curia</strong></span> <span class='ocrx_word' id='word_1_192' title='bbox 950 2493 994 2527; x_wconf 90' lang='lat' dir='ltr'><strong>et</strong></span> <span class='ocrx_word' id='word_1_193' title='bbox 1018 2499 1100 2545; x_wconf 86' lang='lat' dir='ltr'><strong>per</strong></span> <span class='ocrx_word' id='word_1_194' title='bbox 1123 2493 1269 2528; x_wconf 86' lang='lat' dir='ltr'><strong>totam</strong></span> <span class='ocrx_word' id='word_1_195' title='bbox 1294 2484 1649 2543; x_wconf 69' lang='lat' dir='ltr'><strong>Nommnniam,</strong></span> 
     </span>
     <span class='ocr_line' id='line_1_29' title="bbox 246 2554 1650 2622; baseline 0.005 -25"><span class='ocrx_word' id='word_1_196' title='bbox 246 2554 477 2617; x_wconf 84' lang='lat' dir='ltr'><strong>praecipue</strong></span> <span class='ocrx_word' id='word_1_197' title='bbox 516 2555 562 2602; x_wconf 87' lang='lat' dir='ltr'><strong>in</strong></span> <span class='ocrx_word' id='word_1_198' title='bbox 602 2566 759 2602; x_wconf 84' lang='lat' dir='ltr'><strong>nostra</strong></span> <span class='ocrx_word' id='word_1_199' title='bbox 799 2558 990 2603; x_wconf 82' lang='lat' dir='ltr'><strong>ecclesia</strong></span> <span class='ocrx_word' id='word_1_200' title='bbox 1023 2569 1067 2604; x_wconf 93' lang='lat' dir='ltr'><strong>et</strong></span> <span class='ocrx_word' id='word_1_201' title='bbox 1109 2560 1319 2615; x_wconf 69' lang='lat' dir='ltr'><strong>dioecesi,</strong></span> <span class='ocrx_word' id='word_1_202' title='bbox 1356 2569 1650 2622; x_wconf 80' lang='lat' dir='ltr'><strong>compertum</strong></span> 
     </span>
    </p>
   </div>
   <div class='ocr_carea' id='block_1_5' title="bbox 301 2714 668 2753">
    <p class='ocr_par' dir='ltr' id='par_1_5' title="bbox 301 2714 668 2753">
     <span class='ocr_line' id='line_1_30' title="bbox 301 2714 668 2753; baseline 0.008 -4"><span class='ocrx_word' id='word_1_203' title='bbox 301 2716 337 2750; x_wconf 81' lang='lat'><strong>1.</strong></span> <span class='ocrx_word' id='word_1_204' title='bbox 370 2714 480 2750; x_wconf 80' lang='lat' dir='ltr'><strong>Alors</strong></span> <span class='ocrx_word' id='word_1_205' title='bbox 501 2714 589 2751; x_wconf 86' lang='lat' dir='ltr'><strong>Paul</strong></span> <span class='ocrx_word' id='word_1_206' title='bbox 618 2717 668 2753; x_wconf 90' lang='lat'><strong>11.</strong></span> 
     </span>
    </p>
   </div>
  </div>
 </body>
</html>
