1875 2956
689 237 828 272 LIBER
868 236 1062 273 PRIMUS.
1495 236 1568 269 3553

178 333 271 369 tam
294 323 391 386 ipse
424 338 565 385 quam
603 323 851 385 collegium
890 321 1385 368 reverendissimorum
1419 318 1571 363 cardi-

178 401 377 458 nalium,
401 400 676 447 favorabiles
704 418 790 464 pro
814 400 952 446 nobis
974 399 1192 463 epistolas
1214 395 1430 454 scribere,
1457 410 1572 456 qua-

178 488 311 523 tenus
341 493 582 523 assensum
606 494 741 524 suum
767 486 1003 541 praestaret
1028 485 1079 521 ut
1102 475 1241 521 aliam
1265 472 1505 519 ecclesiam
1526 472 1572 516 in

178 569 323 615 regno
347 570 431 599 suo
457 554 787 600 honorabilem
825 567 1194 614 assequeremur,
1233 548 1463 595 sanctitati
1485 563 1577 593 suae

179 629 346 691 gratias
387 640 574 692 agentes
616 629 954 693 permaximas,
1003 627 1192 673 alterius
1242 625 1444 671 ecclesiae
1490 622 1577 668 sub

178 704 387 767 ejusdem
410 707 528 768 regis
551 706 746 764 ditione,
776 721 916 767 quem
942 703 1043 749 talis
1067 703 1251 765 justitia:
1275 712 1320 748 et
1347 701 1454 746 fidei
1484 700 1580 745 sore

180 797 483 839 noveramus,
530 781 935 844 quemadmodum
968 796 1109 843 supra
1146 795 1173 824 a
1209 777 1347 824 nobis
1386 777 1583 823 relatum

180 867 271 916 est,
314 859 694 920 procurationem
729 867 774 903 et
806 857 1011 918 regimen
1043 856 1237 901 minime
1263 855 1380 900 velle
1403 853 1583 915 assequi

182 951 263 980 seu
290 935 552 981 desiderare
572 934 929 998 respondimus3
958 933 1016 979 de
1041 933 1283 978 humiliori
1311 932 1450 977 etiam
1474 947 1587 976 con—

182 1012 296 1056 tenti
315 1011 448 1057 titulo
463 1027 605 1074 quam
619 1012 676 1057 sit
689 1011 1046 1074 patriarchatus,
1068 1009 1270 1056 ecclesiae
1294 1007 1586 1053 Caesariensis

184 1088 461 1148 Palaestinae,
500 1098 612 1134 teste
646 1088 786 1134 beato
828 1089 1117 1150 Hieronymo
1159 1087 1300 1132 totius
1339 1085 1588 1130 Pala‘stinae

183 1166 482 1229 metropoliS,
534 1167 720 1212 titulum
762 1167 1107 1229 acceptavimus
1125 1168 1152 1224 ¹,
1195 1174 1240 1210 et
1276 1180 1332 1209 eo
1370 1162 1590 1207 libentius

184 1243 314 1305 quod
357 1242 496 1289 nobis
533 1259 717 1307 semper
762 1243 846 1288 fuit
885 1243 1114 1288 memoria
1150 1240 1430 1288 venerabilis
1467 1239 1593 1285 beati

187 1319 417 1384 Pamphili
468 1321 683 1383 martyris
724 1329 863 1382 atque
914 1318 1191 1365 venerabilis
1233 1317 1448 1373 Eusebii,
1494 1316 1592 1377 ejus

186 1394 399 1459 discipuli
419 1407 463 1442 et
486 1395 860 1455 contubernalis,
882 1396 963 1457 qui
982 1396 1122 1441 etiam
1145 1394 1299 1440 eidem
1324 1392 1588 1455 Pamphilo,

186 1473 406 1534 magistro
451 1490 558 1532 suO,
598 1474 644 1517 in
689 1473 891 1518 ecclesiae
936 1472 1146 1533 ejusdem
1187 1469 1592 1516 administratione

186 1550 420 1606 successit,
448 1560 509 1605 et,
534 1566 560 1595 a
582 1550 774 1594 nomine
800 1549 1005 1609 magistri
1027 1549 1097 1599 sui
1117 1555 1435 1608 cognomento
1459 1548 1592 1590 Pam—

188 1624 303 1687 phili
327 1625 598 1687 insignitus,
627 1625 712 1670 toti
732 1624 901 1669 Christi
924 1624 1126 1669 ecclesiae
1152 1622 1464 1685 insignissima
1483 1637 1592 1665 suo-

188 1718 292 1746 rum
306 1702 624 1747 studiosorum
640 1701 858 1748 laborum
885 1711 1023 1762 atque
1040 1700 1282 1746 utilissima
1301 1699 1594 1744 monimenta

189 1777 391 1839 reliquit.

256 1857 308 1898 In
338 1871 462 1916 quo,
502 1853 714 1916 pluribus
753 1853 1069 1917 praetermissis
1114 1852 1313 1915 quihus,
1361 1868 1500 1916 supra
1539 1869 1593 1898 ea

192 1946 294 1992 quae
330 1931 594 1989 retulimus,
625 1930 746 1975 dolis
768 1939 906 1992 atque
929 1929 1110 1991 injuriis
1136 1929 1326 1993 appetiti
1348 1929 1592 1990 vexatique

193 2007 386 2064 suimus,
412 2007 540 2052 hunc
566 2007 791 2070 apologiae
815 2017 981 2052 nostrae
1006 2006 1216 2052 libellum
1241 2006 1445 2069 primum
1469 2005 1595 2051 clau-

194 2083 382 2142 demus,
423 2085 562 2130 aliam
601 2084 927 2147 postulationis
954 2093 1112 2129 vestrae
1146 2092 1326 2146 partem
1370 2082 1417 2127 in
1451 2082 1594 2128 alium

195 2170 498 2207 reservantes.

251 2313 288 2348 1.
320 2313 371 2347 Le
393 2311 442 2347 26
469 2310 542 2347 mai
567 2312 681 2347 1474.

338 2798 382 2823 ιιι
1382 2784 1428 2818 23
