1875 2956
206 205 253 239 30
568 200 902 237 HISTORIARUM
932 201 994 236 LU
1002 201 1164 237 DOVICI
1195 203 1248 238 XI

204 289 345 334 etiam
364 289 537 334 civium
553 287 892 351 proscripsisse,
915 296 959 331 et
982 288 1237 333 nonnullos
1259 288 1408 351 capite
1423 288 1606 352 puniri,

203 383 335 412 secus
351 382 405 411 ac
422 375 557 429 pacta
580 363 829 408 deditionis
848 362 1100 420 haberent,
1123 379 1150 408 a
1171 365 1326 409 multis
1353 365 1603 411 ferebatur.

205 444 296 490 Sed
317 461 376 490 an
398 445 459 489 ita
483 442 618 487 suerit
643 441 796 498 velue,
818 451 1114 505 compertum
1137 442 1262 498 satis,
1288 452 1339 487 ut
1358 443 1468 489 inde
1492 460 1612 489 asse-

206 538 306 568 rere
333 520 592 583 quidquam
621 519 835 577 velimus⁷
864 519 1081 564 nondum
1115 518 1291 563 habere
1327 520 1606 581 potuimus¹.

271 598 576 640 Caineracum
594 609 723 651 vem,
740 609 842 655 quae
860 594 1020 639 civitas
1043 603 1109 638 est
1125 592 1394 656 imperialis,
1413 593 1472 638 ad
1496 595 1613 655 regis

204 682 371 717 nutum
399 687 445 715 se
465 670 747 734 hospitalem
770 670 865 731 regi
896 680 1036 732 atque
1060 670 1153 714 suis
1172 668 1391 731 praebuit,
1416 670 1543 716 nulla
1564 672 1611 715 in

205 750 450 795 adversum
473 748 731 794 resistentia
753 748 826 793 vel
851 748 1075 793 dilatione
1104 747 1212 793 data
1230 766 1242 804 ;
1274 748 1355 793 sed
1374 748 1610 794 nihilomi-

205 843 290 870 uus
309 842 453 886 arege
477 841 650 887 magno
675 825 774 871 auri
794 825 958 888 pondo
983 835 1028 870 et
1048 826 1146 888 ipsa
1167 825 1389 871 mulctata
1416 826 1610 885 exstitit,

203 902 263 946 ad
303 919 535 948 summam
574 919 628 948 Χῖ,
661 903 807 948 millia
834 912 1073 948 scutorum
1110 903 1227 948 auri.
1270 905 1323 947 Et
1358 902 1614 965 imperialia

204 994 351 1038 arma,
367 996 470 1041 quae
484 978 544 1025 al)
560 979 755 1040 antiquo
774 979 821 1024 in
840 980 986 1042 portis
1008 979 1204 1024 civitatis
1225 989 1373 1038 erant,
1393 979 1614 1025 mandato

204 1057 332 1117 regio
346 1042 586 1115 iletracta,
613 1072 789 1118 suaque
813 1055 930 1100 inibi
947 1055 1177 1101 collocata
1194 1056 1396 1101 suerunt.
1425 1056 1612 1101 Dictum

208 1143 365 1178 tamen
413 1133 719 1196 postmodum
757 1132 1022 1178 audivimus
1062 1131 1212 1194 (quod
1244 1149 1332 1196 pro
1356 1142 1485 1178 certo
1515 1149 1613 1177 non

203 1211 478 1271 habemus&
499 1210 629 1271 quod
655 1226 751 1268 rex,
776 1226 884 1254 cum
909 1209 1122 1272 praesidia
1139 1210 1363 1268 militum,
1381 1226 1501 1271 quos
1523 1209 1615 1254 illic

203 1284 450 1343 habuerat,
465 1284 525 1330 ad
540 1301 586 1329 se
601 1285 901 1342 revocasset³‚
923 1284 1022 1346 ipsa
1048 1284 1305 1347 imperialia
1322 1299 1468 1342 arma,
1484 1284 1616 1345 juxta

205 1359 453 1419 antiquum
470 1374 653 1403 morem
668 1374 722 1404 ac
736 1367 994 1416 vetustum,
1014 1358 1179 1420 reponi
1211 1367 1350 1419 atque
1369 1356 1614 1403 instaurari

200 1432 429 1493 jussissem
469 1447 743 1493 quanquam
760 1432 771 1453 ³*
800 1431 938 1476 etiam
984 1431 1239 1492 quemdam
1271 1432 1567 1494 capitaneum
1581 1433 1610 1488 ⁵,

205 1523 344 1568 quem
374 1506 434 1552 ad
457 1506 600 1569 ipsius
639 1506 834 1551 civitatis
872 1506 1135 1551 custodiam
1181 1505 1448 1568 deputarat,
1485 1506 1615 1551 dam-

206 1590 357 1625 nasset
380 1581 618 1625 restituere
644 1598 740 1624 xxx
765 1580 910 1626 millia
931 1590 1171 1625 scutorum
1194 1581 1317 1639 auri,
1351 1597 1452 1641 quae
1474 1582 1614 1626 variis

209 1657 379 1719 rapinis
395 1667 441 1701 et
454 1657 844 1702 concussionibus
860 1656 918 1702 de
937 1656 1075 1702 bonis
1093 1657 1295 1703 ecclesiae
1311 1660 1615 1703 Cameracen-

207 1734 266 1777 sis
288 1742 559 1778 extorserat.
583 1735 720 1778 Fama
742 1733 868 1778 enim
893 1734 1092 1778 multum
1113 1734 1373 1779 invaluerat
1389 1733 1520 1795 quod
1535 1750 1614 1778 rex

262 1869 298 1903 ’1.
331 1869 383 1902 Le
403 1865 559 1902 Journal
579 1865 626 1902 de
639 1865 783 1903 Gerard
802 1865 947 1902 Robert
965 1879 1014 1903 ne
1037 1867 1255 1904 mentionne
1270 1880 1337 1918 pas
1355 1867 1500 1904 d'autre
1521 1867 1614 1904 ban-

208 1928 412 1964 nissenient
442 1942 516 1977 que
538 1927 634 1964 celui
662 1927 727 1964 des
757 1928 918 1965 officiers
941 1928 987 1965 de
1015 1928 1188 1978 l'abbaye
1211 1929 1257 1966 de
1281 1931 1527 1974 Saint-Vaast,
1551 1929 1614 1978 qui

207 2004 246 2026 ax
257 1990 352 2026 aient
371 1990 493 2026 resuse
510 1990 556 2027 de
570 2003 686 2040 payer
702 1991 783 2027 leur
796 1999 880 2027 cote
895 1990 941 2027 de
956 1991 991 2027 la
1005 1991 1259 2028 contribulion
1275 1991 1338 2028 des
1357 1994 1406 2029 [20
1418 1993 1493 2028 000
1509 1992 1610 2028 ecus.

208 2053 251 2090 P.
272 2053 337 2090 21.

263 2118 299 2152 2.
332 2113 485 2150 Molinet
505 2126 553 2149 ne
576 2113 639 2150 fait
663 2127 786 2150 aucun
811 2115 924 2151 doute
947 2115 1153 2152 lii-(lessus.
1180 2116 1209 2152 Il
1230 2123 1406 2165 rapporte
1427 2115 1548 2151 meme
1568 2128 1613 2151 en

208 2177 314 2225 quels
349 2185 483 2211 [ermes
511 2176 622 2211 Louis
648 2178 703 2213 XI
727 2176 849 2212 donna
872 2190 948 2213 aux
968 2177 1228 2214 Cainlnesiens
1255 2177 1393 2213 l'ordre
1414 2176 1504 2213 dont
1524 2177 1548 2213 il
1568 2190 1615 2213 va

209 2239 286 2274 &tre
306 2237 410 2287 parle
433 2252 440 2271 ε
468 2252 485 2268 (ε
506 2240 565 2272 Au
585 2237 719 2286 regard
748 2237 794 2273 dc
817 2251 888 2273 noz
914 2252 1057 2284 armes,
1080 2252 1173 2274 xous
1202 2239 1253 2274 les
1281 2247 1423 2274 osterez
1451 2239 1615 2287 quelque

210 2300 300 2343 scir,
331 2307 367 2335 et
395 2312 417 2346 y
447 2298 592 2347 logerez
616 2307 742 2334 vostre
761 2298 904 2345 oiseau,
928 2308 963 2336 et
989 2300 1090 2337 dircz
1109 2300 1198 2349 qu'il
1219 2313 1300 2336 sera
1328 2300 1399 2336 alle
1423 2299 1533 2345 jouer
1564 2313 1614 2337 un

210 2373 342 2410 espace
363 2360 409 2396 de
431 2369 549 2409 temps
564 2388 572 2404 ‚
596 2369 631 2396 et
654 2374 735 2396 sera
757 2363 935 2397 re'tourm'·
961 2376 1006 2398 eu
1035 2376 1101 2399 son
1126 2363 1214 2406 lieu,
1240 2362 1333 2397 ainsi
1359 2375 1432 2411 que
1455 2363 1535 2398 font
1564 2363 1615 2399 les

209 2422 435 2466 arundelles,
458 2422 521 2471 qui
544 2421 761 2457 revit-inient
789 2435 852 2457 sur
872 2423 904 2458 le
931 2424 1150 2474 prinlenips.
1175 2441 1191 2455 »
1213 2426 1255 2459 T.
1278 2426 1335 2467 11,
1358 2424 1419 2460 cli.
1442 2438 1549 2461 Lvm.

264 2489 300 2524 3.
337 2486 360 2521 ll
393 2486 446 2522 les
476 2498 649 2521 enuuena
679 2485 887 2530 lui-nieme,
913 2488 1014 2522 etant
1038 2488 1109 2523 alle
1134 2489 1154 2522 i«
1181 2487 1369 2533 Cfflnbrai,
1402 2488 1435 2524 le
1463 2490 1510 2524 ¹10
1532 2487 1614 2534 juin

215 2551 226 2584 1
239 2550 327 2587 478.

265 2614 300 2647 [ι.
334 2610 458 2646 ΡΙυῑόῑ
477 2612 658 2658 quodque.

265 2675 300 2709 ὕ.
334 2672 445 2708 Louis
469 2675 653 2717 Maral'lin,
675 2673 848 2723 seigneur
868 2674 913 2710 de
936 2675 969 2710 la
987 2675 1149 2713 Charite,
