1875 2956
712 238 853 271 LIBER
881 237 1078 274 PRIMUS.
1514 243 1585 276 339

191 318 513 365 imminentem
556 322 929 383 persecutionem
972 322 1276 386 corporaliter
1315 325 1586 386 parochiam

190 393 426 455 deserere,
461 405 506 441 et
536 396 596 442 ad
629 396 771 442 alium
804 414 1019 444 securum
1056 399 1214 445 locum
1251 415 1299 445 se
1339 400 1582 447 conferre:

188 489 458 536 quanquam
490 475 605 521 nihil
642 475 946 522 dubitationis
985 477 1156 524 habeat
1191 478 1306 540 quin
1337 478 1430 525 hoc
1463 480 1586 527 licite

186 551 358 611 possit,
400 551 482 597 ubi
516 553 643 598 solus
676 562 834 616 pastor
871 554 1220 616 persequendus
1258 557 1477 617 quaeritur
1514 559 1587 605 vel

187 627 493 673 verisimiliter
530 630 837 691 praesumitur,
878 640 923 675 et
961 647 1044 693 per
1080 632 1195 677 alios
1231 633 1402 680 idonee
1439 636 1587 698 gregis

185 702 410 750 dominici
436 704 570 751 saluti
592 705 863 768 providetur
881 716 927 752 et
949 707 1223 754 consulitur.

598 909 936 953 CAPITULUM
987 911 1149 955 XXVI.

257 1047 413 1090 Qualiter
431 1047 464 1080 vi
480 1046 622 1092 praecisa
638 1046 782 1082 ecclesia
799 1056 832 1081 et
847 1048 959 1094 patria
975 1050 1099 1094 procul
1116 1050 1233 1084 abesse
1250 1051 1359 1085 coacti
1377 1064 1506 1087 sumus.

244 1175 435 1220 Notoria
457 1174 647 1236 quidem
672 1174 755 1220 fuit
778 1185 823 1221 et
844 1184 911 1220 est
937 1185 1248 1238 tyrannorum
1273 1182 1531 1242 oppressiO,
1556 1198 1582 1228 a

177 1250 348 1312 quibus
371 1251 612 1314 provincia
630 1250 990 1297 lamentabiliter
1007 1263 1052 1298 et
1074 1270 1205 1316 paene
1231 1255 1583 1303 intolerabiliter

176 1327 394 1389 affligitur
422 1337 468 1373 et
499 1327 743 1385 laceratur,
781 1338 946 1374 contra
980 1346 1124 1391 quam
1157 1347 1184 1377 a
1218 1333 1374 1377 multis
1412 1344 1582 1381 morta-

175 1404 313 1462 lium,
357 1414 403 1449 et
440 1405 493 1449 iis
523 1405 779 1467 plurimum
812 1405 892 1466 qui
928 1406 1206 1452 oculatiores
1245 1419 1385 1471 atque
1421 1411 1468 1454 in
1508 1411 1580 1456 his

174 1479 312 1525 rebus
345 1481 563 1526 humanis
588 1479 937 1526 aestimabantur
972 1482 1324 1544 prudentiores,
1352 1486 1483 1546 quasi
1507 1486 1578 1532 di-

173 1556 344 1602 vinitus
366 1557 518 1602 aditus
541 1556 855 1602 arbitrabatur
873 1566 918 1602 et
949 1557 1228 1604 credebatur
1250 1571 1453 1624 apertus,
1484 1573 1577 1610 tam

172 1633 365 1679 immani
396 1643 443 1679 et
472 1634 752 1679 calamitosae
789 1634 1082 1697 oppressioni
1113 1653 1198 1699 per
1231 1638 1441 1684 medium
1477 1658 1578 1702 ger-

172 1712 299 1756 mani
323 1712 440 1772 regis
465 1711 560 1773 <cui
595 1714 721 1756 Deus
743 1727 840 1756 esse
864 1712 1092 1774 propitius
1121 1713 1356 1776 dignetur)
1387 1727 1431 1762 et
1454 1718 1578 1766 illus-

170 1788 312 1832 trium
344 1788 610 1850 principum
648 1787 788 1831 totius
822 1788 951 1848 regni
995 1804 1133 1850 posse
1168 1791 1366 1851 mederi,
1409 1804 1453 1839 et
1488 1812 1573 1860 op-

170 1865 336 1927 pressis
378 1863 631 1909 subveniri.
679 1866 783 1918 Qua
826 1880 905 1926 spe
946 1863 1047 1909 freti
1085 1874 1130 1909 et
1174 1866 1215 1910 ei
1258 1867 1432 1928 innixi,
1474 1873 1573 1919 zelo

168 1941 396 1997 caritatis,
421 1956 561 2002 quam
590 1949 696 2002 post
720 1942 871 1984 Deum
902 1940 961 1985 ad
985 1942 1182 2003 patriam
1214 1946 1465 1993 maximam
1489 1949 1572 1996 ha-

165 2015 347 2075 bemUS,
370 2017 588 2080 permoti,
614 2025 664 2061 ut
690 2016 867 2060 miseris
888 2016 945 2061 de
969 2018 1140 2064 auxilio
1164 2031 1435 2082 opportuno
1461 2027 1570 2072 sub-

165 2096 420 2155 veniretur,
446 2112 543 2140 non
576 2093 894 2140 dubitavimus
917 2110 970 2139 ex
994 2095 1190 2143 adverso
1216 2114 1323 2144 cum
1348 2101 1423 2162 iis,
1450 2121 1569 2167 quos

165 2174 301 2219 simili
324 2174 490 2220 ductos
514 2173 702 2219 caritate
736 2171 1098 2234 arbitrabamur,
1133 2178 1384 2225 ascendere
1412 2192 1457 2228 et
1480 2201 1567 2232 nos

167 2267 350 2296 murum
386 2250 668 2296 defensionis
693 2266 934 2312 opponere
956 2267 1043 2312 pro
1073 2251 1217 2300 domo
1241 2257 1394 2303 Israel.
1425 2262 1563 2316 Quod

164 2337 285 2372 certe
316 2344 412 2373 non
450 2328 548 2373 sine
580 2343 752 2388 magno
782 2327 943 2389 capitis
978 2327 1244 2376 discrimine
1279 2334 1559 2395 agebamus;

163 2404 269 2463 sed,
297 2415 346 2450 ut
368 2415 499 2451 vetus
522 2405 730 2450 comicus
765 2404 827 2450 ait
852 2422 860 2448 :

250 2512 344 2553 Non
366 2512 410 2554 fit
429 2513 515 2554 sine
538 2512 693 2571 periclo
716 2512 873 2553 facinus
891 2529 1089 2571 magnum
1106 2526 1147 2556 et
1167 2519 1454 2561 memorabile.

164 2624 215 2666 ln
253 2637 347 2682 quo
391 2620 612 2665 obeundo
659 2621 761 2665 vitae
804 2621 1009 2683 periculo
1052 2640 1138 2685 pro
1172 2625 1319 2686 patria
1362 2636 1407 2671 et
1444 2629 1559 2674 rele-

163 2707 381 2743 vamento
407 2698 681 2742 miserorum
715 2713 741 2742 a
780 2698 916 2742 tantis
954 2700 1363 2761 oppressionibus,
1393 2706 1559 2752 caritas
