1875 2956
292 181 363 215 142
650 180 988 215 HISTORIARUM
1018 181 1248 218 LUDOVICI
1280 184 1330 217 XI

290 269 388 313 imo
416 268 570 314 verius
602 269 759 313 mitius
794 268 969 313 malum
995 278 1118 325 erat,
1147 270 1275 330 quod
1312 272 1356 315 in
1383 271 1454 317 his
1476 270 1691 317 civilibus

290 344 570 390 factionibus
606 354 652 389 et
684 343 998 390 seditionibus
1029 345 1316 406 sanguinarii
1341 363 1437 392 non
1475 348 1687 404 fuerunt,

287 421 688 483 quemadmodum
723 437 842 484 saepe
875 422 924 466 in
958 420 1128 467 talibus
1150 420 1362 467 civilibus
1385 423 1692 470 seditionibus

288 498 417 542 omni
454 496 739 542 crudelitatis
763 514 931 559 genere
955 497 1075 542 inter
1106 513 1154 542 se
1190 497 1445 544 desaeviisse
1477 516 1690 564 comper—

288 583 387 618 tum
417 583 509 630 est3
544 573 627 618 sed
660 574 1084 638 proscriptionibus
1119 574 1192 619 vel
1227 573 1409 620 civibus
1436 575 1556 622 intra
1589 593 1694 622 suas

287 650 408 696 aedes
432 649 610 695 recludi
625 650 791 711 jussis,
816 661 867 697 ut
889 652 1144 714 plurimum
1159 687 1170 709 ,
1197 650 1459 696 sistebatur.

777 846 1111 891 CAPITULUM
1150 847 1225 890 lv.

289 979 337 1011 De
363 978 466 1023 longa
492 978 730 1023 protractione
757 977 900 1010 miseriae
931 985 963 1009 et
991 975 1192 1009 calamitatis
1223 975 1370 1008 civitatis
1397 975 1627 1020 Trajectensis
1654 990 1692 1009 ex

703 1033 832 1067 malitia
852 1045 995 1066 suorum
1016 1040 1247 1077 tyrannorum
1269 1032 1292 1065 ¹.

353 1153 426 1198 Sic
458 1153 634 1215 itaque,
665 1161 717 1196 ut
745 1152 899 1215 prius,
931 1151 1098 1197 misera
1134 1151 1296 1196 civitas
1325 1150 1411 1196 sub
1446 1149 1693 1196 interdicto

289 1230 549 1294 apostolico
595 1239 639 1275 et
677 1228 764 1274 sub
805 1228 1113 1274 anathematis
1152 1228 1423 1290 gravissima
1468 1243 1690 1287 censura,

289 1307 447 1370 quoad
481 1324 561 1352 eos
594 1306 720 1369 ipsos
756 1305 835 1368 qui
862 1305 1163 1369 occupabant
1194 1305 1324 1351 bona
1355 1315 1435 1351 aut
1476 1305 1584 1367 jura
1626 1305 1696 1350 sui

289 1384 548 1446 pontificis,
592 1384 665 1428 vel
712 1382 1057 1445 occupantibus
1104 1383 1355 1439 auxilium,
1414 1383 1693 1440 consilium,

288 1460 359 1505 vel
387 1460 594 1506 savorem
618 1460 665 1504 in
691 1475 745 1504 ea
778 1476 827 1503 re
858 1459 1163 1521 praestabant,
1192 1469 1238 1504 et
1273 1458 1360 1504 sub
1397 1459 1695 1521 impiissimo—

289 1553 394 1581 rum
422 1537 673 1582 hominum
703 1535 976 1598 tyrannide,
1012 1536 1059 1580 in
1095 1535 1309 1580 omnium
1340 1534 1400 1580 ad
1432 1551 1568 1579 usum
1593 1535 1695 1579 vitae

290 1614 657 1658 necessariorum
695 1612 893 1675 penuria
925 1622 969 1657 et
1002 1612 1186 1657 caristia
1210 1610 1462 1672 languebat
1495 1627 1577 1674 per
1610 1626 1697 1656 an-

290 1705 378 1735 nos
401 1706 550 1752 prope
574 1690 709 1735 duoc..
744 1693 797 1734 Et
822 1689 1036 1752 quamvis
1061 1689 1107 1733 in
1135 1688 1447 1733 conventibus
1469 1687 1695 1733 Praedica-

290 1775 444 1811 torum
475 1776 520 1812 et
550 1766 817 1822 Minorum,
845 1766 925 1827 qui
961 1764 1204 1827 capitalius
1237 1764 1400 1808 odium
1430 1764 1606 1808 caeteris
1637 1763 1694 1808 ad

291 1842 561 1905 pontificem
588 1841 764 1888 habere
796 1840 1101 1898 dicebantur,
1129 1838 1463 1901 nonnullisque
1494 1839 1594 1884 aliis
1622 1855 1697 1884 ec-

291 1920 463 1978 clesiis⁷
489 1936 571 1965 seu
605 1929 847 1982 premente
874 1928 1001 1963 metu
1025 1934 1106 1964 seu
1133 1917 1448 1963 obstinatione
1475 1915 1693 1969 nefanda,

292 1999 590 2043 interdictum
613 1998 805 2043 minime
827 1996 1171 2053 observaretur7
1195 1996 1243 2040 in
1262 1993 1517 2040 cathedrali
1538 2003 1695 2038 tamen

293 2084 337 2120 et
362 2076 507 2120 sancti
546 2074 773 2119 Johannis
804 2072 1049 2134 collegiata
1073 2072 1304 2125 ecclesiis,
1336 2079 1388 2115 ut
1417 2085 1557 2131 supra
1584 2068 1676 2113 dixi

298 2168 424 2209 mus,
454 2150 727 2196 servabatur
743 2152 770 2194 ².

357 2227 747 2274 Terminabantur
784 2226 961 2271 interea
991 2241 1109 2287 saepe
1142 2233 1187 2268 et
1224 2221 1553 2268 indicebantur
1589 2240 1699 2268 con-

294 2314 458 2351 ventus
504 2321 589 2367 pro
628 2319 743 2366 pace
784 2302 1027 2347 tractanda
1066 2316 1193 2345 nunc
1240 2300 1286 2345 in
1319 2300 1694 2361 Haga-Comitis‚

296 2398 421 2428 nunc
455 2382 502 2426 in
542 2380 878 2437 ssusco-Ducis‚
918 2394 1044 2423 nunc
1080 2378 1124 2421 in
1166 2376 1450 2422 monasterio
1490 2375 1548 2420 de
1586 2378 1697 2421 Oes-

350 2542 386 2577 1.
418 2538 593 2589 Chapitre
623 2536 798 2587 imprime
831 2534 923 2570 dans
953 2533 1005 2569 les
1037 2536 1216 2570 Analecta
1244 2533 1289 2568 de
1315 2532 1510 2569 Matthaeus
1542 2540 1578 2567 et
1605 2530 1696 2566 dan>

294 2604 564 2652 l'Amplissima
582 2602 759 2637 collectio-

349 2668 385 2703 2.
416 2663 608 2702 Ci-dessus
626 2692 635 2708 ‚
658 2676 695 2713 p.
719 2662 808 2698 126.
