1875 2956
669 243 806 276 LIBER
836 243 1101 277 SECUNDUS.
1514 244 1578 275 :ml

195 330 284 375 hoc
322 329 427 374 ideo
453 329 669 373 duximus
709 329 974 374 faciendum
1017 339 1065 373 ut
1102 337 1379 389 agnoscant,
1417 327 1588 388 quibus

193 416 358 451 nostrae
399 406 669 450 secessionis
707 415 846 467 atque
892 405 1228 467 persecutionis
1271 403 1387 449 ratio
1433 403 1588 448 minus

191 492 430 545 perspecta
447 482 598 539 fuerit,
628 499 686 527 ne
710 493 881 527 temere
908 497 961 526 ac
982 481 1112 527 facile
1135 481 1195 526 ad
1209 478 1522 542 judicandum
1545 489 1589 524 et

190 558 514 603 damnandum
549 558 678 618 quod
711 574 791 603 eos
830 558 938 602 latet
976 557 1240 620 prosiliant,
1288 572 1374 600 nos
1412 553 1589 617 absque

185 634 360 694 justitia
377 645 421 679 et
440 635 555 695 juris
578 634 743 679 ordine
765 635 1108 696 persecutiones
1135 649 1231 677 non
1257 632 1465 677 modicas
1488 648 1589 695 per-

189 711 367 769 tulisse,
396 710 816 773 improborumque
856 720 901 755 et
934 710 1189 772 impiorum
1222 709 1471 754 hominum
1505 725 1588 754 ca-

186 786 393 845 lumniis,
429 786 549 831 dolis
580 796 718 848 atque
750 786 980 831 violentiis
1014 795 1114 830 toto
1147 801 1319 847 regno,
1362 786 1510 848 patria
1543 795 1589 830 et

186 862 378 908 ecclesia
400 864 574 925 pulsos,
599 873 642 908 et
671 861 861 907 tandem
887 861 1024 907 nobis
1055 861 1114 906 ad
1149 862 1295 923 ipsam
1324 861 1586 906 revertendi

186 940 316 984 omni
345 956 534 1002 prorsus
565 939 776 984 facultate
806 947 986 1000 negata,
1016 938 1122 982 licet
1157 938 1337 999 magnis
1359 947 1403 982 et
1430 937 1587 982 multis

184 1015 565 1060 intercessoribus
585 1015 821 1073 adhibitis,
853 1031 957 1061 eam
988 1031 1172 1077 semper
1195 1014 1407 1061 obtinere
1430 1014 1586 1060 conati

183 1092 427 1151 fuerimus,
451 1109 560 1137 cum
580 1092 677 1154 jam
704 1092 762 1137 de
786 1091 1120 1153 consequendo
1147 1091 1419 1137 humanitus
1444 1107 1587 1137 reme-

183 1167 262 1213 dio
287 1168 413 1214 nulla
437 1185 540 1231 spes
560 1169 716 1214 relicta
737 1168 988 1228 videretur,
1013 1167 1072 1214 ad
1099 1167 1145 1213 id
1167 1167 1431 1214 faciendum
1455 1165 1583 1229 quod

182 1246 360 1307 egimus
385 1245 520 1291 fuisse
544 1246 830 1309 compulsos.

246 1322 427 1366 Scimus
447 1322 748 1384 quamplures
776 1338 872 1367 esse
906 1322 985 1383 qui
1015 1337 1182 1387 parum
1208 1320 1500 1367 attendentes
1522 1321 1583 1366 ad

179 1407 463 1460 praeceptum
483 1398 748 1457 Salvatoris,
772 1414 866 1459 quo
890 1399 1096 1461 praecipit
1123 1416 1131 1442 :
1160 1418 1180 1439 «
1207 1398 1356 1442 Nolite
1370 1396 1582 1459 judicare

178 1483 225 1518 et
241 1490 338 1518 non
353 1473 700 1532 judicabimini,
723 1484 767 1518 et
791 1474 933 1519 nolite
951 1474 1270 1519 condemnare
1291 1482 1335 1517 et
1354 1489 1451 1517 non
1470 1490 1583 1518 con-

179 1549 536 1609 demnabimini,
566 1569 586 1592 »
617 1549 748 1611 cujus
776 1551 915 1595 etiam
943 1549 1189 1613 Apostolus
1224 1548 1488 1594 doctrinam
1510 1559 1580 1595 at-

177 1641 267 1686 que
291 1625 630 1670 institutionem
656 1635 906 1684 assecutus,
935 1625 1146 1673 similiter
1167 1624 1374 1687 praecipit
1397 1642 1406 1669 ε
1435 1645 1455 1666 c<
1484 1627 1581 1670 No-

176 1702 254 1746 lite
286 1712 393 1747 ante
427 1711 609 1764 tempus
633 1701 862 1763 judicare,
889 1711 1000 1759 etc.,
1037 1721 1057 1743 »
1091 1700 1221 1746 facile
1254 1701 1577 1763 proximorum

178 1778 295 1824 facta
333 1777 591 1839 dijudicent
632 1796 641 1821 ε
680 1777 784 1822 duri
812 1787 857 1823 et
887 1794 1046 1838 graves
1082 1777 1344 1823 alienorum
1380 1793 1576 1840 operum

175 1870 408 1911 censores,
445 1864 488 1898 et
513 1854 735 1899 festucam
758 1854 805 1899 in
831 1854 970 1899 oculo
993 1854 1195 1917 proximi
1226 1854 1572 1916 perspicientes,

175 1946 283 1974 cum
300 1930 575 1993 plerumque
597 1929 779 1975 trabem
809 1931 855 1975 in
881 1931 973 1975 suis
994 1931 1195 1993 propriis
1221 1929 1412 1974 minime
1433 1939 1578 1975 atten-

175 2006 315 2063 dant,
342 2006 497 2067 magni
526 2022 627 2067 qua¹
657 2022 738 2051 sua
760 2016 869 2051 sunt
891 2006 1226 2069 appendentes,
1252 2005 1383 2051 facile
1406 2007 1578 2068 suggil-

174 2082 320 2127 lantes
353 2081 519 2126 aliena.
565 2082 644 2126 His
679 2081 894 2141 dicimus,
935 2083 1029 2127 imo
1058 2082 1137 2143 qui
1167 2081 1216 2126 in
1247 2098 1332 2126 5110
1362 2082 1576 2145 apostolo

173 2158 453 2220 loquebatur
472 2159 684 2204 Salvator
710 2169 867 2204 noster
886 2176 894 2203 :
925 2179 946 2202 «
970 2162 1037 2204 Tu
1062 2159 1164 2221 quis
1184 2175 1248 2218 es,
1270 2159 1352 2220 qui
1370 2159 1575 2204 alienum

167 2235 348 2297 judicas
379 2236 601 2280 servum?
641 2237 735 2281 Suo
759 2236 956 2281 domino
989 2245 1075 2281 stat
1108 2245 1188 2281 aut
1222 2235 1374 2292 cadit,
1410 2246 1576 2298 potens

174 2321 241 2356 est
264 2312 389 2356 enim
422 2315 545 2357 Deus
580 2312 710 2357 illum
748 2323 968 2369 statuere3
1001 2333 1022 2355 >›
1050 2321 1093 2358 et
1123 2311 1234 2358 alibi
1259 2329 1268 2356 :
1301 2332 1322 2354 <c
1352 2313 1575 2359 Conside—

174 2404 280 2433 rans
309 2407 329 2427 »
374 2389 523 2450 inquit
559 2410 580 2433 «
619 2400 662 2435 te
702 2390 881 2453 ipsum,
918 2407 977 2435 ne
1009 2400 1052 2435 et
1093 2399 1143 2434 tu
1174 2391 1390 2446 tenteris,
1433 2411 1453 2432 >³
1497 2407 1576 2435 eos

175 2465 478 2511 nihilominus
528 2467 745 2513 obnixius
792 2468 1043 2528 rogitantes
1090 2477 1228 2528 atque
1269 2467 1576 2529 imprecantes

173 2550 241 2597 ut,
273 2541 317 2585 in
343 2557 438 2602 quo
464 2541 670 2588 humana
697 2543 850 2588 forsan
884 2542 1152 2588 infirmitate
1185 2559 1271 2587 1105
1296 2558 1468 2587 errasse
1492 2557 1573 2587 au-

175 2625 372 2671 tumant,
408 2632 494 2660 nos
523 2618 615 2662 suis
649 2619 736 2679 piis
765 2618 824 2664 ad
855 2621 1005 2663 Deum
1037 2617 1456 2681 supplicationibus
1487 2626 1577 2662 stu-

173 2692 312 2738 deant
359 2693 578 2753 adjuvare
622 2695 973 2756 propitiumque
1014 2710 1122 2738 eum
1164 2692 1300 2738 nobis
1345 2693 1492 2738 facere
1533 2703 1574 2737 et
