1875 2956
751 217 894 253 LIBER
922 216 1120 253 SEXTUS.
1581 220 1628 256 17

294 305 415 350 Misit
448 314 603 351 autem
636 305 732 368 ipse
761 322 864 364 rex,
896 305 1026 367 juxta
1052 303 1439 366 pollicitationem
1465 319 1623 363 suam,

229 397 321 443 qua
355 382 631 443 promiserat
668 398 776 426 suos
811 399 858 426 se
885 390 1092 425 oratores
1126 379 1376 423 missurum
1413 378 1473 422 ad
1511 379 1627 423 filio-

226 457 319 502 lam
345 472 476 501 suam
503 457 842 520 deputatosque
866 458 1096 511 statuum,
1120 455 1200 515 qui
1223 454 1438 500 Gandavi
1463 470 1631 500 conve-

227 542 414 591 nerant,
444 533 697 594 quemdam
724 531 1006 588 Oliverium,
1033 528 1412 575 barbitonsorem
1439 546 1576 575 suum
1595 532 1622 588 ¹,

225 609 305 653 sed
330 609 512 654 noviter
533 609 592 654 al)
616 625 672 653 eo
697 617 905 652 creatum
927 616 973 651 et
996 606 1293 651 nominatum
1324 606 1544 651 comitem
1569 606 1627 650 de

226 685 509 748 llleulencffl,
541 686 620 746 qui
640 700 827 729 morum
847 699 1043 728 suorum
1066 683 1232 728 merito
1256 693 1625 744 cognomentum

223 763 499 824 acquisierat
526 764 554 805 ³.
596 760 688 816 Qui
713 761 903 806 veniens
931 760 1213 806 Gandavum
1242 776 1351 804 cum
1383 776 1480 804 uno
1515 760 1624 804 sim-

222 838 341 899 plice
383 836 628 882 secretario
676 836 827 896 regio,
872 835 1003 898 petiit
1039 852 1093 879 ex
1129 844 1261 897 parte
1296 835 1414 895 regis
1450 834 1625 880 habere

220 914 511 975 colloquium
528 922 757 958 secretum
777 912 836 958 ad
860 922 1058 975 partem,
1077 929 1185 957 cum
1207 912 1482 975 principissa
1505 912 1619 958 sola.

221 990 362 1045 Quod
384 1006 493 1034 cum
515 990 615 1052 ipsa
640 989 891 1035 audivisset
927 989 1195 1050 caeterique,
1225 989 1304 1050 qui
1339 988 1396 1033 de
1423 989 1520 1050 ejus
1547 988 1625 1034 ad-

218 1077 349 1112 erant
369 1067 650 1128 cognatione
673 1077 719 1113 et
742 1067 961 1125 consilio,
977 1067 1131 1112 mirati
1157 1077 1261 1112 sunt
1288 1076 1333 1112 et
1356 1083 1452 1112 non
1477 1067 1626 1112 modi-

218 1159 325 1187 cum
345 1144 646 1190 stomachati:
672 1144 877 1206 primum
895 1143 1024 1206 quod
1042 1160 1116 1189 rex
1142 1144 1279 1189 talem
1304 1143 1475 1188 infimae
1489 1145 1624 1189 sortis

217 1228 261 1263 et
284 1218 568 1265 conditionis
591 1220 834 1264 hominem
858 1219 1057 1281 talique,
1085 1219 1151 1264 uti
1176 1219 1378 1264 diximus
1395 1256 1405 1275 ‚
1430 1219 1622 1280 insigni-

215 1304 315 1340 tum
352 1305 696 1357 cognomento,
735 1295 794 1340 ad
830 1296 969 1341 talem
1000 1305 1271 1357 tantamque
1297 1296 1620 1358 principissam

212 1375 415 1436 legatum
440 1376 660 1433 misisset,
683 1385 728 1420 et
759 1391 845 1438 pro
867 1385 997 1420 tanto
1025 1385 1217 1436 tamque
1245 1374 1395 1420 arduo
1430 1376 1619 1435 negotio

212 1451 570 1513 pertractand03
599 1440 769 1496 deinde
795 1451 924 1513 quod
948 1460 1085 1496 tantae
1108 1451 1412 1514 principissae,
1435 1451 1620 1513 juvenis

210 1526 388 1589 puellae‚
414 1527 722 1590 colloquium,
744 1527 934 1572 remotis
949 1526 1151 1586 arbitris,
1176 1537 1411 1590 expeteret
1432 1546 1441 1573 ε
1467 1527 1614 1589 quod,

209 1603 361 1666 prima
404 1604 543 1661 facie,
582 1621 691 1649 eum
726 1604 773 1649 in
812 1603 1046 1649 mandatis
1079 1602 1139 1649 ab
1174 1620 1280 1664 rege
1307 1603 1484 1649 habere
1518 1620 1614 1649 non

208 1680 477 1726 credebant.
502 1680 636 1726 Unde
663 1680 836 1726 factum
859 1681 947 1726 sibi
972 1681 1056 1726 fuit
1080 1697 1355 1744 responsum
1382 1681 1511 1743 quod
1530 1717 1539 1734 ,
1577 1681 1612 1725 si

207 1758 365 1813 vellet,
396 1775 556 1804 coram
588 1758 752 1804 eadem
782 1760 1056 1822 principissa
1086 1769 1129 1805 et
1169 1760 1409 1804 nonnullis
1441 1759 1500 1804 de
1529 1775 1611 1805 sua

205 1836 607 1896 consanguinitate
629 1846 673 1880 et
695 1836 891 1881 consilio
908 1873 918 1893 ,
946 1836 1104 1898 paucis
1128 1852 1344 1895 numero,
1371 1852 1463 1881 suae
1486 1836 1609 1897 lega-

206 1912 346 1957 tionis
372 1929 491 1957 onus
514 1923 789 1975 exponeret3
820 1929 1025 1976 namque
1057 1930 1165 1959 cum
1190 1913 1270 1958 tali
1292 1923 1514 1975 tantaque
1532 1914 1607 1976 ju-

257 2069 293 2103 1.
326 2069 479 2104 Erreur.
514 2070 566 2104 La
592 2068 744 2104 mission
773 2067 954 2104 d'Olivier
977 2068 1010 2103 le
1037 2067 1143 2103 Daim
1169 2077 1221 2102 est
1246 2066 1297 2103 du
1326 2067 1419 2103 mois
1444 2066 1491 2103 de
1515 2066 1604 2113 jan-

204 2127 283 2164 vier
302 2130 418 2167 1477.
441 2129 520 2165 Elle
546 2129 706 2179 preceda
738 2138 857 2165 toutes
883 2129 935 2165 les
963 2128 1220 2178 negociations
1243 2130 1432 2165 entamees
1454 2141 1547 2166 avec
1570 2129 1605 2165 la

202 2189 383 2226 duehesse
402 2204 451 2226 ou
473 2204 538 2227 son
560 2191 713 2227 conseil.

255 2255 292 2291 ⁶2.
326 2257 476 2304 ,Malecq
498 2256 590 2292 (lans
616 2256 650 2291 le
683 2255 899 2292 manuscrit.
929 2258 1026 2292 C’est
1052 2255 1434 2293 Meulan-sur-Seine.
1463 2257 1604 2293 Olivier

201 2315 234 2351 le
254 2316 376 2359 Daim,
399 2318 583 2367 capitaine
603 2317 650 2354 de
667 2326 763 2354 cette
784 2317 885 2363 ville,
901 2331 949 2354 ne
970 2318 1043 2368 prit
1063 2318 1097 2354 le
1118 2318 1202 2354 titre
1224 2317 1270 2354 de
1286 2327 1410 2354 comte
1428 2318 1602 2368 qu‘aprcs

202 2390 273 2425 que
294 2379 404 2414 Louis
432 2382 487 2416 XI
514 2381 563 2416 lui
589 2389 651 2417 eut
674 2380 798 2416 donne
831 2394 905 2417 une
934 2381 1053 2430 partie
1079 2380 1128 2416 du
1158 2380 1343 2416 territoire
1371 2379 1417 2416 de
1442 2380 1599 2417 l'ancien

201 2441 321 2475 comte
341 2454 408 2490 pur
431 2442 555 2479 lettres
574 2443 624 2479 du
646 2444 692 2479 19
713 2441 921 2478 novembre
946 2444 1058 2479 1477.

255 2501 290 2535 3.
322 2501 351 2536 Il
373 2502 449 2538 faut
464 2503 553 2551 qu'il
572 2517 597 2552 y
612 2503 662 2539 ait
682 2503 729 2539 ici
748 2516 822 2539 une
843 2504 1036 2547 omission,
1052 2504 1145 2540 celle
1165 2503 1215 2539 dn
1238 2516 1325 2539 nom
1347 2503 1393 2538 de
1413 2503 1594 2549 Maumis,

201 2559 405 2607 qu'Olivier
427 2564 525 2599 avait
551 2565 657 2613 porte
677 2564 856 2600 autrefois
883 2574 919 2600 et
945 2578 1018 2613 que
1041 2565 1075 2601 le
1097 2565 1232 2614 peuple
1250 2577 1298 2600 ne
1316 2563 1447 2599 ces—snit
1467 2576 1532 2612 pas
1553 2564 1599 2600 de

200 2621 250 2657 lui
273 2621 431 2667 donner,
453 2625 617 2673 quoique
637 2626 750 2661 Louis
775 2627 829 2661 XI
858 2626 945 2662 l'eut
969 2625 1133 2675 change,
1161 2638 1229 2674 par
1254 2625 1378 2661 lettre>
1405 2633 1597 2674 patentes,

201 2695 246 2720 en
268 2683 363 2719 celui
384 2684 563 2721 d'Olivier
585 2687 618 2722 le
640 2686 758 2722 Daim.

304 2761 349 2785 111
1395 2752 1418 2786 2
