1875 2956
275 214 322 248 538
634 212 966 247 HISTORIARUM
996 212 1227 248 LUDOVlCI
1256 214 1290 248 X

277 316 378 344 rum
418 315 610 345 manum
650 298 904 343 adsciscere
939 307 983 342 et
1020 298 1324 344 intromittere
1359 310 1568 363 possent,
1605 300 1668 345 el*-

275 375 415 421 fracta
441 375 516 420 illa
547 384 680 437 porta
714 373 936 432 civitatis,
972 389 1119 437 prope
1149 390 1292 436 quam
1315 375 1581 434 adstabant,
1609 376 1665 421 ad

274 451 493 497 eumdem
519 450 576 496 ad
602 461 804 496 castrum
825 449 883 495 de
902 450 1059 509 lsz'cls,
1083 450 1165 495 ubi
1184 451 1487 510 consistebat,
1511 470 1667 499 curso-

274 544 344 572 res
367 527 732 572 destinaverunt.
765 529 821 570 Et
844 527 940 589 ipse
966 526 1182 587 quidem,
1208 535 1255 570 ut
1281 536 1393 571 tunc
1420 527 1664 586 ferebatur,

274 603 394 648 celer
425 618 665 648 accurrere
698 611 742 646 et
771 601 863 646 suis
895 600 1153 646 fautoribus
1184 617 1321 663 opem
1358 601 1473 646 serre
1506 619 1669 667 prope-

276 695 396 736 rans,
437 677 494 723 ad
530 677 737 723 medium
775 692 939 738 usque,
977 678 1096 722 inter
1129 677 1264 722 Wiclf
1303 687 1348 722 et
1383 677 1665 738 Trajectum,

274 752 498 816 pervenit.
523 752 613 797 Sed
630 768 738 797 cum
758 752 978 798 dominus
998 752 1056 797 de
1077 752 1345 797 Monteforti
1364 762 1409 797 et
1426 752 1505 814 qui
1521 753 1668 799 eidem

271 828 540 888 adstabant,
566 829 825 892 periculum
855 829 1208 888 intellexissent,
1235 838 1279 873 et
1310 829 1438 891 quod
1457 866 1468 888 ,
1504 828 1563 874 ad
1599 830 1671 875 in—

273 904 616 950 troducendum
656 905 870 950 inimicos
907 922 1016 950 suos
1059 906 1103 949 in
1136 905 1392 962 civitatem,
1434 915 1578 968 porlae
1607 906 1670 951 es-

273 981 450 1039 sractae,
478 991 647 1044 apertae
679 991 919 1044 paterent,
949 981 1010 1027 ad
1041 981 1331 1026 obviandum
1354 981 1561 1044 periculo
1593 998 1671 1027 ex—

272 1058 448 1121 templo
471 1058 718 1103 consilium
751 1059 946 1121 accepit.
975 1060 1088 1103 Nam
1119 1059 1311 1121 stipatus
1338 1058 1535 1104 rutheris
1564 1059 1666 1118 illis,

273 1149 393 1196 quos
429 1143 647 1196 perante,
692 1134 757 1178 uti
782 1133 1007 1193 diximus,
1041 1134 1086 1178 in
1118 1134 1353 1180 civitatem
1378 1133 1437 1179 ad
1469 1151 1516 1179 se
1540 1151 1668 1180 com-

272 1210 582 1255 muniendum
612 1211 875 1270 invexerat,
906 1220 1043 1272 atque
1079 1211 1179 1256 aliis
1208 1210 1480 1256 satellitibus
1504 1212 1584 1273 qui
1611 1212 1670 1257 ad

271 1304 317 1331 se
344 1288 693 1347 confluxerant,
716 1288 835 1333 inter
858 1304 977 1349 quos
999 1297 1097 1333 erat
1120 1288 1246 1333 velut
1266 1288 1526 1351 praecipuus
1553 1305 1672 1333 unus

265 1364 448 1425 juvenis
485 1364 845 1423 audacissimus,
883 1365 1107 1410 Henricus
1149 1365 1207 1410 de
1238 1364 1494 1421 ssi'evelde',
1532 1366 1672 1428 ipsius

271 1441 449 1485 domini
473 1441 530 1485 de
555 1442 820 1487 Monteforti
846 1443 1018 1487 sororis
1045 1442 1194 1501 filius,
1223 1459 1247 1487 e
1271 1443 1422 1504 platea
1448 1443 1666 1500 civitatis,

271 1527 504 1579 praeeunte
534 1517 730 1576 vexillo,
768 1534 925 1563 versus
956 1528 1139 1581 portam
1171 1535 1318 1581 prope
1351 1535 1489 1581 quam
1520 1520 1669 1565 adsta-

270 1593 385 1639 bant
411 1594 684 1652 adversarii,
722 1594 980 1640 contendit.
1020 1594 1108 1639 Ubi
1133 1612 1241 1640 cum
1275 1596 1321 1640 in
1354 1612 1434 1640 eos
1458 1595 1669 1641 adversa-

273 1671 364 1714 rios
380 1668 717 1714 bombardulas
726 1670 935 1731 jacerent.
951 1681 993 1715 ct
1011 1671 1098 1716 alia
1112 1671 1317 1730 missilia,
1334 1672 1672 1734 paululumque

270 1745 518 1791 adxersarii
543 1743 765 1790 obsistere
792 1756 1093 1805 conarentur,
1122 1746 1268 1792 tribus
1294 1757 1373 1792 aut
1393 1757 1593 1809 quatuor
1616 1764 1667 1792 ex

271 1822 379 1885 ipsis
403 1821 461 1866 de
485 1821 618 1866 dictis
642 1822 891 1867 missilibus
915 1832 959 1868 et
979 1823 1143 1885 jaculis
1162 1823 1233 1868 vel
1262 1824 1426 1869 occisis
1441 1859 1451 1879 ,
1476 1824 1548 1869 vel
1567 1840 1669 1870 sau-

272 1897 370 1955 ciis,
390 1897 564 1959 reliqua
582 1897 834 1942 multitudo
849 1907 975 1959 terga
992 1898 1135 1943 dedit.
1156 1902 1286 1955 Quos
1303 1899 1551 1945 adversarii
1568 1916 1671 1962 per-

274 1984 534 2035 sequentes,
557 1974 779 2020 excedere
795 1975 978 2020 clxitate
999 1991 1082 2038 per
1098 1985 1305 2038 portam,
1327 1992 1468 2036 quam
1486 1975 1670 2037 effrege-

270 2061 400 2109 rant,
421 2061 674 2112 coegerunt
691 2070 700 2107 3
719 2062 761 2097 et
777 2052 1014 2098 effractam
1040 2063 1248 2116 portam,
1277 2070 1334 2098 ne
1358 2054 1427 2098 vel
1451 2053 1569 2109 aliis,
1598 2054 1665 2097 vel

274 2127 383 2189 ipsis
411 2127 563 2173 aditus
587 2144 670 2190 per
701 2144 805 2173 eam
830 2138 1007 2191 pateret
1037 2128 1095 2174 ad
1121 2129 1377 2187 civitatem,
1407 2128 1557 2173 statim
1583 2128 1668 2173 ob-

267 2214 479 2249 serarunt
502 2214 547 2249 et
575 2205 861 2250 munierunt.
892 2208 1189 2267 Eorumque,
1225 2206 1304 2267 qui
1329 2206 1392 2250 sic
1428 2207 1668 2251 exiverunt

268 2291 308 2325 et
347 2297 428 2343 per
468 2280 622 2340 fugam
656 2297 748 2325 suae
782 2282 915 2327 saluti
958 2283 1315 2340 consuluerunt,
1354 2299 1574 2329 numerus
1607 2284 1666 2329 ad

267 2357 549 2418 quingentos
574 2374 719 2418 usque
739 2374 791 2402 ex
819 2358 1249 2404 lionorabilioribus
1270 2359 1448 2405 civibus
1473 2371 1517 2406 et
1542 2361 1668 2406 locu-

267 2432 542 2495 pletioribus
572 2433 820 2479 ascendcrc
852 2434 1084 2480 ferebatur
1118 2453 1126 2478 :
1165 2437 1245 2497 qui
1279 2453 1326 2480 se
1359 2437 1509 2499 primo
1540 2438 1664 2501 apud

269 2509 497 2572 oppidum
543 2508 600 2553 de
650 2510 786 2554 Wick
831 2511 1128 2574 recipientes,
1180 2512 1348 2559 dcindc
1390 2531 1472 2577 per
1512 2516 1665 2561 vicina

323 2617 360 2651 ’1,
392 2615 582 2651 lVievelde
621 2613 712 2651 (lans
744 2616 779 2651 le
817 2629 885 2653 ms.
928 2618 1145 2664 Matthaeus,
1188 2622 1367 2656 Hemic-us
1402 2634 1424 2655 a
1465 2624 1606 2665 Zaylen
1642 2636 1665 2657 a

268 2677 440 2721 vaelt,
462 2687 608 2711 comme
628 2676 831 2723 ci-dessus,
856 2692 892 2727 p.
918 2680 979 2714 76.
