1875 2956
699 213 841 248 LIBER
892 211 1089 249 SEXTUS.
1552 215 1599 249 55
1663 228 1670 235 ·

207 302 525 359 Odomarum3
550 318 575 347 e
598 299 769 363 quibus
801 298 1020 345 cecidisse
1049 295 1287 352 nonnulli,
1322 295 1399 340 alii
1433 300 1600 359 captivi

206 378 333 424 ducti
365 379 500 424 fuisse
534 377 761 435 seruntur,
798 376 898 421 aliis
940 373 1059 419 infra
1093 371 1217 418 dicta
1238 371 1414 434 oppida
1438 387 1535 418 sese
1554 375 1598 419 in

207 463 306 500 tuto
328 454 675 517 recipientibus.

271 533 424 587 Quam
447 531 758 577 calamitatem
781 543 889 573 cum
924 523 1191 579 multitudO,
1217 539 1318 585 quae
1342 533 1441 569 erat
1464 524 1606 587 pedi-

207 617 331 665 tum,
363 608 648 668 agnovisset,
675 620 783 649 cum
812 618 906 663 qua
930 600 1145 647 erat‘dux
1164 599 1353 645 Austriae
1375 609 1421 646 et
1448 615 1607 647 comes

208 681 266 728 de
306 683 730 736 Rotundo-monte‚
771 677 1140 732 Sabaudiensis¹‚
1170 676 1396 737 generalis
1439 677 1609 740 capita-

208 776 324 806 neus
343 763 376 804 F
378 759 710 819 lamingorum,
735 773 791 802 ex
811 754 1076 801 imminenti
1092 753 1302 817 periculo
1322 764 1609 801 assumentes

208 835 454 880 consilium
498 833 735 895 animique
775 846 942 878 ausum
983 839 1123 892 atque
1170 828 1506 876 confidentiam
1554 847 1609 877 ex

208 910 445 975 praesenti,
489 908 618 972 quod
658 907 955 967 imminebat,
993 907 1031 953 si
1064 916 1194 967 terga
1226 916 1481 963 verterent,
1515 907 1611 953 exi-

209 989 305 1045 tio,
340 988 489 1034 missis
529 987 661 1050 equis
705 1002 870 1032 omnes
909 985 1052 1033 ferme
1087 984 1284 1047 pedites,
1318 985 1367 1030 in
1398 983 1608 1047 peditum

209 1067 520 1120 Francorum,
546 1080 666 1125 quos
697 1063 883 1108 francos
910 1061 1168 1123 sagittarios
1192 1061 1457 1123 appellant,
1480 1061 1610 1106 mul—

210 1141 457 1187 titudinem
505 1142 742 1203 ingentem
788 1141 964 1185 irruere
1013 1147 1273 1201 coeperunt.
1321 1140 1452 1194 Quos
1504 1153 1611 1183 cum

208 1218 386 1280 equites
412 1221 703 1264 Francorum
740 1225 984 1279 protegere
1016 1224 1155 1276 atque
1187 1213 1451 1273 defensare,
1475 1216 1617 1276 peness

208 1305 422 1355 trareque
448 1311 558 1340 cum
585 1294 758 1340 lanceis
790 1303 835 1338 et
866 1292 1018 1337 contis
1053 1307 1230 1336 cuneos
1264 1290 1612 1351 Flamingorum

210 1380 522 1427 conarentur,
561 1370 654 1415 hoc
696 1369 872 1427 facere,
915 1369 981 1413 uti
1023 1365 1379 1424 desiderabant,
1418 1367 1612 1413 minime

208 1456 477 1511 potuerunt,
509 1449 626 1491 Nam
650 1446 738 1508 ipsi
757 1444 985 1505 Flamingi
1004 1443 1203 1507 pedites,
1221 1459 1330 1488 cum
1351 1444 1444 1489 suis
1461 1444 1613 1506 longis

208 1525 375 1583 contis,
397 1522 639 1586 praeacutis
653 1520 942 1567 ferramentis
961 1521 1315 1579 commnunitis,
1337 1536 1453 1583 quas
1471 1522 1611 1583 vulgo

199 1600 345 1663 piketz
383 1599 658 1662 appellant²,
700 1597 907 1643 hostium
937 1598 1133 1660 equites,
1160 1613 1220 1643 ne
1244 1598 1365 1643 intra
1384 1613 1433 1642 se
1456 1614 1504 1643 se
1527 1599 1613 1643 im-

208 1678 466 1733 mitterent,
516 1675 707 1720 viriliter
745 1673 984 1720 arcebant.
1028 1676 1257 1720 Conserto
1301 1675 1457 1736 itaque
1503 1690 1611 1720 cum

210 1753 501 1817 pedestribus
535 1755 822 1798 Francorum
855 1753 1004 1815 copiis
1042 1752 1136 1798 acri
1170 1752 1354 1815 proeli0‚
1392 1752 1473 1797 diu
1504 1769 1611 1798 cum

209 1846 379 1891 magna
406 1829 518 1875 hinc
543 1829 651 1874 inde
673 1828 881 1875 hostium
913 1839 1062 1890 strage
1090 1828 1362 1875 dimicatum
1389 1838 1472 1874 est.
1497 1831 1614 1875 Tan-

210 1906 319 1952 dem
357 1907 497 1951 tunc³
530 1905 724 1951 victoria
756 1905 1025 1966 Flamingis,
1074 1905 1156 1950 sed
1198 1922 1296 1950 non
1342 1905 1609 1964 incruenta,

209 1983 438 2047 provenit.
476 1985 762 2028 Francorum
803 1982 931 2027 enim
972 1981 1205 2045 praesidia,
1245 1997 1347 2044 quae
1362 1982 1408 2027 in
1429 1983 1613 2027 Morino

210 2069 358 2116 erant,
385 2075 412 2105 a
435 2068 563 2120 tergo
585 2074 695 2104 cum
724 2058 824 2104 aliis
860 2061 1147 2104 Francorum
1177 2057 1414 2121 equitibus
1438 2059 1616 2104 irruen-

210 2145 276 2181 tes
312 2137 359 2182 in
388 2152 552 2181 currus
579 2145 626 2180 et
658 2151 757 2194 eos,
793 2135 873 2197 qui
901 2151 1103 2181 annonae
1135 2134 1451 2181 ministrandae
1470 2137 1483 2158 ⁶
1510 2136 1618 2181 alia-

213 2229 410 2275 rumque
445 2212 812 2258 necessariarum
838 2227 996 2257 rerum
1026 2213 1172 2273 gratia
1201 2213 1455 2258 exercitum
1489 2212 1618 2257 ducis

213 2289 553 2352 sequebantur,
575 2305 741 2336 omnes
775 2306 897 2352 quos
920 2290 1230 2350 invenerunt,
1258 2301 1305 2336 et
1337 2291 1537 2351 aurigas,
1573 2299 1618 2334 et

272 2441 303 2474 1.
335 2441 495 2488 Jacques
515 2438 562 2475 de
581 2437 731 2483 Savoie,
754 2447 876 2475 comte
896 2437 944 2473 de
962 2440 1140 2475 Romont.

267 2501 304 2536 Ξ.
335 2499 434 2536 Βόὺ
459 2500 494 2536 le
521 2507 600 2536 mot
626 2499 786 2547 srancffl's
809 2503 941 2548 piqzce,
973 2498 1037 2548 qui
1061 2499 1158 2535 n'est
1182 2498 1287 2535 entre
1316 2497 1407 2534 dans
1434 2498 1466 2532 la
1486 2496 1621 2545 langue

218 2573 290 2609 que
309 2574 394 2597 vers
415 2574 458 2597 ce
477 2561 672 2610 temps—lii.

272 2624 308 2657 3.
341 2623 465 2658 Plutot
485 2632 620 2659 tamen.

273 2683 309 2720 [ι.
343 2685 592 2728 Ministrandj
610 2682 702 2718 dans
720 2683 752 2718 le
771 2696 839 2718 ms.
