1875 2956
740 197 880 231 LIBER
911 194 1107 230 SEXTUS.
1576 198 1623 232 29

294 285 399 327 Post
419 282 516 328 haec
540 293 696 329 autem
723 301 800 330 rex
837 283 1080 330 confidens
1104 299 1151 329 se
1183 282 1361 328 facilius
1389 283 1621 329 civitatem

227 357 321 402 sive
356 358 584 420 oppidum
619 360 883 406 Atrebatum
914 359 1001 405 sibi
1026 358 1253 419 subjicere
1289 373 1440 419 posse,
1480 374 1624 419 quam

228 433 488 495 potioribus
526 446 663 497 atque
686 435 1004 499 primioribus,
1031 433 1200 495 quibus
1236 449 1318 479 sua
1342 449 1411 478 res
1437 432 1625 496 publica

227 507 654 569 administrabatur,
692 511 957 556 destitutam
980 509 1174 568 sciebat,
1209 509 1379 571 ipsam,
1423 508 1628 555 admotis

228 585 449 631 omnibus
480 589 626 650 copiis
659 587 751 632 suis
782 596 827 631 et
858 586 1103 645 machinis,
1140 585 1387 631 obsidione
1422 585 1622 631 vallavit.

227 662 347 706 Sane
370 680 476 708 cum
499 662 729 726 aliquibus
755 662 919 708 diebus
937 662 1164 708 machinis
1183 672 1227 708 et
1250 662 1460 724 petrariis
1485 663 1628 725 ipsius

229 748 374 785 turres
393 751 437 786 et
455 740 807 803 propugnacula
823 739 1000 801 dejecta
1016 739 1088 784 'vel
1108 739 1262 784 diruta
1286 739 1330 783 in
1356 739 1491 784 certis
1511 739 1626 785 locis

229 814 440 871 fuissent,
461 827 503 861 et
519 832 783 879 expugnare
802 833 903 862 eam
924 817 1036 878 regii
1060 817 1225 861 milites
1245 816 1624 877 aggrederentur,

228 891 434 937 videntes
457 909 503 937 se
522 892 696 937 obsessi
717 893 931 955 praesidio
949 892 1210 951 destitutos,
1235 892 1293 937 ad
1320 892 1627 938 resistendum

227 967 471 1025 invalidos,
498 979 542 1015 et
582 979 841 1015 extremum
882 969 968 1015 sibi
996 970 1240 1015 imminere
1267 970 1457 1014 exitium
1485 969 1520 1014 si
1557 986 1629 1014 ex-

227 1046 418 1106 pugnati
443 1046 654 1105 fuissent,
679 1047 911 1110 supplices
937 1046 1225 1092 deditionem
1250 1045 1416 1090 oll'erre
1440 1055 1484 1091 et
1510 1047 1629 1107 regis

228 1121 418 1180 gratiam
458 1122 707 1185 implorare
737 1133 994 1186 coeperunt.
1038 1109 1190 1179 Quam
1228 1140 1332 1179 rex,
1371 1124 1477 1168 licet
1503 1124 1627 1184 gravi

226 1197 272 1241 in
317 1214 396 1243 eos
434 1199 499 1244 ira
523 1209 565 1244 et
590 1201 910 1262 indignatione
931 1216 1197 1260 succensus,
1215 1199 1386 1262 quibus
1409 1200 1630 1245 voluitle-

227 1274 361 1335 gibus
393 1275 558 1321 dedit¹.
595 1280 712 1322 Nam
746 1294 832 1340 pro
872 1277 1169 1322 contumacia
1203 1286 1246 1320 et
1282 1275 1625 1335 inobedientia,

226 1367 367 1413 quam
392 1354 436 1397 in
468 1370 515 1398 se
548 1370 627 1399 eos
651 1355 936 1399 commisisse
959 1353 1226 1416 reputabat,
1266 1353 1506 1398 mulctavit
1549 1370 1629 1400 eos

226 1443 397 1488 magno
415 1430 514 1473 auri
533 1429 714 1492 pondo,
733 1429 861 1490 quod
887 1429 947 1474 ad
970 1429 1196 1473 trecenta²
1223 1427 1365 1474 millia
1389 1438 1628 1475 scutorum

225 1505 323 1549 auri
350 1505 419 1550 vel
443 1506 503 1551 ad
528 1516 734 1552 trecenta
756 1507 899 1552 millia
922 1506 1173 1552 ascendere
1197 1505 1467 1552 ferebatur&
1495 1507 1630 1554 Unde

226 1582 384 1628 civitas
423 1583 500 1628 illa
544 1584 736 1645 insignis
772 1583 906 1629 valde
948 1581 1008 1629 et'
1031 1583 1272 1646 opulenta,
1313 1583 1484 1646 opibus
1515 1601 1629 1647 quas

225 1659 432 1720 longaeva
460 1661 765 1724 prosperitate
800 1661 1061 1706 cumularat
1096 1659 1288 1716 nudata,
1324 1660 1372 1705 in
1409 1677 1627 1723 maguam

226 1746 364 1798 atque
387 1738 696 1784 miserabilem
729 1738 1000 1802 pauperiem
1026 1747 1093 1782 est
1131 1736 1333 1782 redacta.
1386 1738 1628 1793 Quosdam

226 1866 368 1903 volloit.
395 1869 439 1903 Et
459 1879 504 1903 en
525 1880 568 1904 ce
589 1876 708 1918 temps
735 1880 808 1917 que
831 1867 856 1903 il
884 1880 922 1903 se
942 1866 1137 1916 ‹lisposo1t‚
1161 1878 1210 1902 on
1234 1865 1370 1901 manda
1394 1878 1471 1915 ung
1493 1866 1627 1911 aultre,

227 1936 261 1964 et
282 1929 332 1964 lui
350 1928 402 1965 dit
425 1942 473 1965 on
495 1942 641 1966 comme
666 1930 807 1966 (lessus.
832 1932 875 1965 Et
896 1931 916 1965 a
936 1941 997 1965 ces
1019 1928 1178 1977 parolles
1202 1941 1251 1964 on
1272 1927 1460 1964 executoit
1480 1927 1626 1964 [autre.

226 1991 271 2026 Et
295 1999 412 2039 quant
441 1991 475 2027 la
501 1991 736 2041 compaignie
761 1990 945 2041 perchupt
972 1990 1038 2026 tels
1062 1989 1306 2026 mandemens
1332 1997 1373 2025 et·
1396 2002 1469 2038 que
1491 1990 1557 2026 nul
1583 2002 1630 2026 ne

226 2053 453 2098 retournoit‚
479 2054 811 2091 commencherent
835 2056 854 2089 a
880 2065 1016 2103 penser
1037 2050 1159 2089 aucun
1189 2052 1276 2089 mal.
1310 2051 1434 2088 Adont
1462 2065 1502 2088 se
1526 2052 1628 2089 leve-

226 2124 308 2151 rent
327 2115 373 2152 de
394 2115 506 2161 table,
530 2125 565 2154 et
584 2129 727 2154 aucuns
751 2116 979 2167 perchurent
1001 2124 1109 2166 grant
1130 2113 1337 2151 assamblee
1362 2123 1397 2151 et
1418 2124 1526 2164 grant
1548 2116 1628 2152 alu-

226 2177 341 2214 merie
367 2190 413 2214 au
439 2179 626 2224 marchie,
653 2188 689 2215 et
713 2192 786 2228 que
806 2178 940 2225 justice
964 2191 1002 2214 se
1023 2177 1158 2214 faisoit.
1190 2179 1265 2213 Des
1292 2176 1408 2213 douze
1436 2189 1482 2212 en
1506 2185 1629 2212 morut

226 2237 332 2288 huyt.
364 2242 433 2276 Les
461 2241 599 2277 aultrcs
623 2242 869 2291 escapperent
893 2254 899 2274 :
927 2240 1016 2276 dont
1040 2240 1084 2276 ils
1111 2247 1263 2275 scen-ent
1294 2237 1379 2275 bien
1405 2251 1501 2288 pour
1526 2250 1627 2274 com-

228 2299 326 2338 bien.
350 2318 366 2334 1³
391 2303 547 2339 Journal
568 2303 614 2339 de
637 2302 782 2340 Gerard
805 2301 964 2350 Rob’ert,
985 2316 1022 2351 p.
1047 2302 1110 2340 ²16.

282 2365 316 2398 l.
352 2365 372 2399 5
394 2364 466 2399 mai
489 2366 604 2401 1477.

276 2425 313 2460 2.
345 2425 446 2462 Lisez
465 2428 642 2472 ducenta,
666 2426 840 2476 puisqu'il
862 2440 884 2475 y
903 2438 921 2461 a
943 2424 1087 2462 ensuite
1105 2433 1277 2460 trecenta.

283 2486 318 2521 3.
351 2501 367 2518 ιι
386 2489 437 2523 Le
465 2489 529 2523 12ε
548 2487 636 2533 jour
662 2488 708 2524 de
731 2500 832 2537 may,
862 2487 915 2523 fut
943 2486 1127 2523 deniande
1151 2499 1219 2536 par
1246 2486 1279 2521 le
1304 2498 1370 2534 roy
1400 2498 1462 2521 sur
1486 2485 1519 2521 la
1544 2485 1628 2522 ville

229 2545 394 2590 d'Arras‚
424 2558 501 2585 tant
523 2562 587 2586 sur
609 2543 778 2600 l‘Eglise‚
801 2562 948 2586 comme
967 2562 1030 2585 sur
1051 2548 1269 2593 marchans,
1291 2547 1466 2596 bourgois
1491 2557 1525 2583 et
1549 2560 1627 2584 ma‘

230 2619 322 2642 nans
342 2608 387 2644 de
413 2610 524 2646 ladite
550 2612 651 2655 ville,
677 2611 905 2660 chinquante
933 2610 1031 2646 mille
1051 2622 1172 2653 escus,
1202 2608 1290 2644 dont
1320 2608 1366 2643 lui
1397 2609 1449 2643 l'ut
1469 2610 1628 2647 accord&

231 2679 411 2718 quarante
431 2673 544 2709 mille.
568 2689 584 2705 ι
610 2673 765 2708 Journal
785 2672 830 2708 de
852 2671 996 2708 Gerard
1017 2670 1174 2716 Robert,
1200 2683 1237 2719 p.
1262 2671 1323 2706 19.
