1875 2956
667 198 806 232 LIBER
836 199 1030 233 PRIMUS.
1468 198 1544 234 255

150 285 300 329 nitum
334 293 471 345 atque
506 283 892 344 redintegratum,
933 284 1087 346 ejectis
1124 298 1313 345 prorsus
1352 284 1546 344 Anglicis

150 369 244 405 tam
267 375 322 404 ex
347 360 633 406 Normannia
661 376 802 421 quam
839 361 1104 422 Aquitania,
1143 368 1372 420 quantum
1404 375 1432 405 a
1456 368 1545 404 tre-

147 435 292 480 centis
336 436 477 481 serme
523 436 656 481 annis
698 435 962 494 exstitisset,
1004 435 1052 479 in
1075 449 1220 495 regno
1244 433 1421 479 nullam
1448 434 1546 496 jam

146 526 336 556 manere
364 511 733 557 inobedientiam
755 521 834 555 aut
862 510 1129 556 rebellionis
1150 526 1230 556 seu
1253 510 1547 557 discessionis

145 588 476 650 suspicionem.
524 590 640 633 Nam
665 602 794 649 quae,
839 586 1022 632 vivente
1058 596 1198 649 atque
1236 587 1283 631 in
1327 586 1546 633 humanis

144 675 307 725 agente
350 675 395 710 et
433 665 688 727 imperante
728 662 826 724 ejus
860 663 1092 723 genitore,
1134 662 1290 708 adhuc
1328 662 1475 709 foveri
1501 673 1545 710 et

145 740 312 785 minari
349 739 652 796 videbantur,
695 747 740 784 et
782 738 1011 800 quidquid
1043 738 1227 783 latentis
1265 738 1361 784 odii
1405 749 1545 802 atque

143 816 428 875 acerbitatis,
463 814 731 861 diffidentiae
763 824 902 876 atque
928 815 1226 878 suspicioniS,
1267 816 1540 876 inimicitiae,

142 894 490 956 indignationis,
513 893 820 940 aemulationis
840 909 917 938 seu
943 893 1207 938 invidentiae
1227 894 1347 939 inter
1369 895 1543 955 regiam

142 970 339 1017 domum
364 981 409 1017 et
446 971 669 1016 illustrem
709 969 1095 1031 Burgundionum
1124 971 1440 1033 principatum
1471 988 1544 1016 su-

141 1063 323 1110 peresse
354 1047 508 1093 adhuc
532 1045 776 1092 videbatur
801 1045 1022 1109 (propter
1056 1063 1199 1109 quam
1234 1046 1543 1093 evincendam

140 1124 387 1169 necessitas
418 1123 632 1186 quaedam
665 1121 1011 1168 obtendebatur
1036 1132 1213 1169 tantam
1240 1123 1453 1168 militiam
1482 1124 1542 1170 ad

140 1200 369 1262 stipendia
404 1199 640 1245 ordinaria
676 1200 889 1258 retineri,
924 1209 970 1244 et
1003 1209 1072 1245 tot
1103 1198 1397 1261 magnatibus
1426 1199 1542 1245 infe-

140 1277 409 1340 riorumque
433 1277 661 1338 graduum
683 1276 956 1322 hominibus
982 1277 1230 1340 pensiones
1248 1278 1538 1336 continuari,

140 1351 202 1397 ob
223 1369 338 1414 quas
374 1353 709 1416 dependendas
744 1354 973 1415 populum
1000 1353 1127 1414 regni
1162 1362 1257 1398 tam
1288 1352 1542 1414 grandibus

138 1429 421 1475 tributorum
468 1440 606 1491 atque
655 1430 947 1491 vectigalium
984 1428 1208 1474 oneribus
1248 1445 1542 1491 consequens

137 1515 237 1551 erat
255 1505 423 1551 durare
447 1506 682 1567 fatigatum
704 1514 749 1550 et
762 1505 1075 1568 oppressum),
1095 1506 1191 1567 jam
1209 1506 1370 1552 omnia
1389 1522 1540 1552 emor-

138 1591 238 1641 tua,
268 1591 314 1627 et
345 1599 441 1627 non
468 1582 612 1627 modo
647 1582 821 1644 sopita⁷
856 1581 937 1627 sed
972 1598 1161 1645 prorsus
1197 1583 1421 1629 exstincta
1443 1600 1540 1630 esse

138 1658 499 1704 ostendebamus
521 1669 567 1704 et
590 1658 766 1720 absque
793 1658 887 1703 ulla
920 1658 1208 1704 haesitatione
1237 1659 1533 1722 putabamus.

138 1735 251 1790 Quis
274 1735 398 1779 enim
422 1745 533 1780 tunc
558 1751 654 1780 non
672 1735 775 1796 jure
804 1735 1063 1796 meritoque
1090 1735 1358 1781 credidisset
1385 1738 1538 1800 ipsum

137 1809 427 1855 Ludovicum
448 1827 630 1857 summa
652 1810 881 1872 quadani⁷
910 1820 1135 1874 perpetua
1154 1822 1292 1873 atque
1315 1813 1536 1859 inexstin-

138 1886 298 1947 guibili
333 1887 519 1932 caritate
543 1897 587 1932 et
622 1886 951 1932 benevolentia
988 1887 1048 1932 ad
1080 1888 1303 1934 illustrem
1330 1893 1538 1951 Burgun-

137 1963 334 2008 dionum
365 1964 632 2026 principum
657 1964 853 2009 (lonium
879 1963 1149 2012 devinctum
1184 1965 1281 2011 sore
1310 1976 1355 2011 et
1386 1968 1538 2029 agglu-

137 2040 356 2099 tinatum,
394 2057 421 2087 a
448 2040 619 2103 quibus
642 2051 710 2087 tot
742 2041 1070 2102 humanitatis,
1108 2052 1177 2088 tot
1198 2043 1537 2094 benevolentiae

136 2125 273 2178 atque
314 2116 632 2162 beneficentia}
676 2118 874 2180 pignora
917 2130 1204 2183 susceperat,
1254 2137 1363 2166 cum
1405 2131 1536 2169 tanto

137 2194 263 2239 exsul
288 2194 642 2256 quodammodo
667 2205 711 2242 et
736 2195 960 2258 profugus
978 2196 1038 2242 ab
1062 2197 1171 2260 ipsis
1195 2198 1352 2245 favore
1373 2215 1537 2264 excep-

139 2277 231 2328 tus,
257 2280 384 2317 tanta
412 2270 701 2332 indulgentia
728 2272 826 2334 ipse
861 2282 906 2318 et
938 2273 1036 2334 ejus
1069 2274 1274 2335 conjunx
1300 2291 1408 2321 cum
1438 2287 1536 2323 tota

142 2343 310 2392 familia
331 2347 465 2392 alitus
495 2357 540 2392 et
563 2348 800 2406 confotus,
829 2358 957 2394 tanta
980 2366 1088 2395 cum
1110 2351 1368 2397 reverentia
1397 2362 1535 2414 atque
1598 2346 1602 2350 .

142 2418 433 2475 observantia
464 2434 764 2470 conservatus
797 2435 937 2487 atque
959 2425 1255 2477 honoratus?
1280 2430 1385 2474 Non
1407 2428 1533 2473 enim

141 2494 270 2541 facile
310 2499 411 2559 quis
450 2510 562 2546 tunc
599 2503 859 2556 existimare
900 2504 1124 2566 potuisset
1161 2515 1229 2550 tot
1270 2505 1533 2551 officiorum

141 2582 277 2634 atque
298 2573 635 2622 beneficiorum
664 2579 712 2623 in
742 2596 1028 2643 quemquam
1058 2581 1370 2627 exhibitorum
1396 2598 1531 2643 posse

142 2648 237 2694 ullo
264 2666 469 2712 unquam
498 2662 706 2715 tempore
727 2654 929 2716 aliquem
948 2656 1175 2702 oblivisci.
1197 2658 1312 2704 Nam
1332 2666 1377 2703 et
1401 2656 1528 2719 quod
