<?xml version="1.0" encoding="UTF-8"?>
<!DOCTYPE html PUBLIC "-//W3C//DTD XHTML 1.0 Transitional//EN"
    "http://www.w3.org/TR/xhtml1/DTD/xhtml1-transitional.dtd">
<html xmlns="http://www.w3.org/1999/xhtml" xml:lang="en" lang="en">
 <head>
  <title>
</title>
<meta http-equiv="Content-Type" content="text/html;charset=utf-8" />
  <meta name='ocr-system' content='tesseract 3.04.00' />
  <meta name='ocr-capabilities' content='ocr_page ocr_carea ocr_par ocr_line ocrx_word'/>
</head>
<body>
  <div class='ocr_page' id='page_1' title='image "./histoiredesrgn03basi_0244.png"; bbox 0 0 1875 2956; ppageno 0'>
   <div class='ocr_carea' id='block_1_1' title="bbox 288 186 1324 225">
    <p class='ocr_par' dir='ltr' id='par_1_1' title="bbox 288 186 1324 225">
     <span class='ocr_line' id='line_1_1' title="bbox 288 186 1324 225; baseline 0.003 -3"><span class='ocrx_word' id='word_1_1' title='bbox 288 188 361 222; x_wconf 74' lang='lat'>192</span> <span class='ocrx_word' id='word_1_2' title='bbox 648 186 983 223; x_wconf 81' lang='lat' dir='ltr'>HISTORIARUM</span> <span class='ocrx_word' id='word_1_3' title='bbox 1012 187 1242 224; x_wconf 91' lang='lat' dir='ltr'>LUDOVICI</span> <span class='ocrx_word' id='word_1_4' title='bbox 1270 191 1324 225; x_wconf 85' lang='lat' dir='ltr'>XI</span> 
     </span>
    </p>
   </div>
   <div class='ocr_carea' id='block_1_2' title="bbox 737 369 1231 413">
    <p class='ocr_par' dir='ltr' id='par_1_2' title="bbox 737 369 1231 413">
     <span class='ocr_line' id='line_1_2' title="bbox 737 369 1231 413; baseline -0.004 0"><span class='ocrx_word' id='word_1_5' title='bbox 737 369 1074 413; x_wconf 75' lang='lat' dir='ltr'><strong>CAPITULUM</strong></span> <span class='ocrx_word' id='word_1_6' title='bbox 1110 370 1231 412; x_wconf 81' lang='lat' dir='ltr'><strong>XVI.</strong></span> 
     </span>
    </p>
   </div>
   <div class='ocr_carea' id='block_1_3' title="bbox 288 498 1687 601">
    <p class='ocr_par' dir='ltr' id='par_1_3' title="bbox 288 498 1687 601">
     <span class='ocr_line' id='line_1_3' title="bbox 288 498 1687 547; baseline -0.001 -12"><span class='ocrx_word' id='word_1_7' title='bbox 288 502 511 547; x_wconf 79' lang='lat' dir='ltr'>Comparatio</span> <span class='ocrx_word' id='word_1_8' title='bbox 540 511 674 533; x_wconf 87' lang='lat' dir='ltr'>morum</span> <span class='ocrx_word' id='word_1_9' title='bbox 715 511 856 533; x_wconf 86' lang='lat' dir='ltr'>suorum</span> <span class='ocrx_word' id='word_1_10' title='bbox 881 499 926 532; x_wconf 78' lang='lat' dir='ltr'>ad</span> <span class='ocrx_word' id='word_1_11' title='bbox 952 507 1116 545; x_wconf 84' lang='lat' dir='ltr'>paternos</span> <span class='ocrx_word' id='word_1_12' title='bbox 1143 511 1254 532; x_wconf 77' lang='lat' dir='ltr'>mores</span> <span class='ocrx_word' id='word_1_13' title='bbox 1284 498 1399 543; x_wconf 86' lang='lat' dir='ltr'>quoad</span> <span class='ocrx_word' id='word_1_14' title='bbox 1425 503 1687 546; x_wconf 80' lang='lat' dir='ltr'>temperantiam</span> 
     </span>
     <span class='ocr_line' id='line_1_4' title="bbox 813 554 1164 601; baseline -0.006 -11"><span class='ocrx_word' id='word_1_15' title='bbox 813 565 913 601; x_wconf 85' lang='lat' dir='ltr'>atque</span> <span class='ocrx_word' id='word_1_16' title='bbox 927 554 1164 601; x_wconf 75' lang='lat' dir='ltr'><strong>prudentiam.</strong></span> 
     </span>
    </p>
   </div>
   <div class='ocr_carea' id='block_1_4' title="bbox 285 673 1704 2347">
    <p class='ocr_par' dir='ltr' id='par_1_4' title="bbox 289 673 1694 1026">
     <span class='ocr_line' id='line_1_5' title="bbox 357 673 1690 736; baseline 0.003 -18"><span class='ocrx_word' id='word_1_17' title='bbox 357 677 596 718; x_wconf 82' lang='lat' dir='ltr'>Postremo</span> <span class='ocrx_word' id='word_1_18' title='bbox 624 690 719 718; x_wconf 87' lang='lat' dir='ltr'>non</span> <span class='ocrx_word' id='word_1_19' title='bbox 745 673 805 719; x_wconf 87' lang='lat' dir='ltr'>ab</span> <span class='ocrx_word' id='word_1_20' title='bbox 836 690 885 719; x_wconf 88' lang='lat' dir='ltr'>re</span> <span class='ocrx_word' id='word_1_21' title='bbox 911 673 1161 733; x_wconf 79' lang='lat' dir='ltr'>videbitur,</span> <span class='ocrx_word' id='word_1_22' title='bbox 1188 674 1248 733; x_wconf 79' lang='lat' dir='ltr'>si,</span> <span class='ocrx_word' id='word_1_23' title='bbox 1272 674 1541 736; x_wconf 81' lang='lat' dir='ltr'>priusquam</span> <span class='ocrx_word' id='word_1_24' title='bbox 1563 676 1690 722; x_wconf 87' lang='lat' dir='ltr'>hunc</span> 
     </span>
     <span class='ocr_line' id='line_1_6' title="bbox 289 750 1692 813; baseline 0.002 -17"><span class='ocrx_word' id='word_1_25' title='bbox 289 751 461 796; x_wconf 84' lang='lat' dir='ltr'>librum</span> <span class='ocrx_word' id='word_1_26' title='bbox 485 750 781 809; x_wconf 79' lang='lat' dir='ltr'>claudamus,</span> <span class='ocrx_word' id='word_1_27' title='bbox 809 751 971 812; x_wconf 79' lang='lat' dir='ltr'>hujus,</span> <span class='ocrx_word' id='word_1_28' title='bbox 1006 751 1064 796; x_wconf 88' lang='lat' dir='ltr'>de</span> <span class='ocrx_word' id='word_1_29' title='bbox 1084 768 1179 813; x_wconf 88' lang='lat' dir='ltr'>quo</span> <span class='ocrx_word' id='word_1_30' title='bbox 1204 750 1341 795; x_wconf 87' lang='lat' dir='ltr'>nobis</span> <span class='ocrx_word' id='word_1_31' title='bbox 1366 751 1412 795; x_wconf 91' lang='lat' dir='ltr'>in</span> <span class='ocrx_word' id='word_1_32' title='bbox 1437 754 1692 813; x_wconf 71' lang='lat' dir='ltr'>prasentia-</span> 
     </span>
     <span class='ocr_line' id='line_1_7' title="bbox 291 827 1692 889; baseline 0.001 -17"><span class='ocrx_word' id='word_1_33' title='bbox 291 845 395 873; x_wconf 86' lang='lat' dir='ltr'>rum</span> <span class='ocrx_word' id='word_1_34' title='bbox 430 837 496 872; x_wconf 83' lang='lat' dir='ltr'>est</span> <span class='ocrx_word' id='word_1_35' title='bbox 524 844 701 884; x_wconf 71' lang='lat' dir='ltr'>sermo,</span> <span class='ocrx_word' id='word_1_36' title='bbox 741 838 786 873; x_wconf 89' lang='lat' dir='ltr'>et</span> <span class='ocrx_word' id='word_1_37' title='bbox 818 828 959 872; x_wconf 79' lang='lat' dir='ltr'>felicis</span> <span class='ocrx_word' id='word_1_38' title='bbox 997 827 1334 873; x_wconf 81' lang='lat' dir='ltr'>recordationis</span> <span class='ocrx_word' id='word_1_39' title='bbox 1368 828 1587 889; x_wconf 78' lang='lat' dir='ltr'>genitoris</span> <span class='ocrx_word' id='word_1_40' title='bbox 1622 830 1692 874; x_wconf 89' lang='lat' dir='ltr'>sui</span> 
     </span>
     <span class='ocr_line' id='line_1_8' title="bbox 291 903 1694 966; baseline 0 -17"><span class='ocrx_word' id='word_1_41' title='bbox 291 920 445 949; x_wconf 87' lang='lat' dir='ltr'>mores</span> <span class='ocrx_word' id='word_1_42' title='bbox 478 913 523 948; x_wconf 76' lang='lat' dir='ltr'>et</span> <span class='ocrx_word' id='word_1_43' title='bbox 545 903 647 949; x_wconf 71' lang='lat' dir='ltr'>vita·</span> <span class='ocrx_word' id='word_1_44' title='bbox 671 904 1012 949; x_wconf 83' lang='lat' dir='ltr'>iustitutionem</span> <span class='ocrx_word' id='word_1_45' title='bbox 1036 903 1165 948; x_wconf 81' lang='lat' dir='ltr'>brevi</span> <span class='ocrx_word' id='word_1_46' title='bbox 1192 903 1278 948; x_wconf 89' lang='lat' dir='ltr'>sub</span> <span class='ocrx_word' id='word_1_47' title='bbox 1307 904 1592 966; x_wconf 87' lang='lat' dir='ltr'>compendio</span> <span class='ocrx_word' id='word_1_48' title='bbox 1626 905 1694 949; x_wconf 89' lang='lat' dir='ltr'>in-</span> 
     </span>
     <span class='ocr_line' id='line_1_9' title="bbox 294 981 775 1026; baseline 0 -2"><span class='ocrx_word' id='word_1_49' title='bbox 294 982 440 1026; x_wconf 76' lang='lat' dir='ltr'>vicem</span> <span class='ocrx_word' id='word_1_50' title='bbox 464 981 775 1025; x_wconf 86' lang='lat' dir='ltr'>conferamus.</span> 
     </span>
    </p>

    <p class='ocr_par' dir='ltr' id='par_1_5' title="bbox 285 1056 1703 1948">
     <span class='ocr_line' id='line_1_10' title="bbox 357 1056 1694 1120; baseline 0.001 -19"><span class='ocrx_word' id='word_1_51' title='bbox 357 1058 552 1102; x_wconf 79' lang='lat' dir='ltr'>Genitor</span> <span class='ocrx_word' id='word_1_52' title='bbox 574 1056 771 1119; x_wconf 77' lang='lat' dir='ltr'>quippe,</span> <span class='ocrx_word' id='word_1_53' title='bbox 800 1056 930 1119; x_wconf 81' lang='lat' dir='ltr'>quod</span> <span class='ocrx_word' id='word_1_54' title='bbox 953 1066 1021 1101; x_wconf 89' lang='lat' dir='ltr'>est</span> <span class='ocrx_word' id='word_1_55' title='bbox 1047 1058 1302 1102; x_wconf 78' lang='lat' dir='ltr'>maximum</span> <span class='ocrx_word' id='word_1_56' title='bbox 1337 1067 1381 1102; x_wconf 90' lang='lat' dir='ltr'>et</span> <span class='ocrx_word' id='word_1_57' title='bbox 1409 1057 1694 1120; x_wconf 68' lang='lat' dir='ltr'>praecipuum</span> 
     </span>
     <span class='ocr_line' id='line_1_11' title="bbox 285 1131 1695 1197; baseline -0.001 -18"><span class='ocrx_word' id='word_1_58' title='bbox 285 1134 470 1196; x_wconf 71' lang='lat' dir='ltr'>justitiae</span> <span class='ocrx_word' id='word_1_59' title='bbox 498 1133 880 1192; x_wconf 76' lang='lat' dir='ltr'>fundamentum,</span> <span class='ocrx_word' id='word_1_60' title='bbox 922 1131 1028 1178; x_wconf 80' lang='lat' dir='ltr'>fidei</span> <span class='ocrx_word' id='word_1_61' title='bbox 1056 1134 1199 1178; x_wconf 91' lang='lat' dir='ltr'>semel</span> <span class='ocrx_word' id='word_1_62' title='bbox 1223 1133 1339 1179; x_wconf 60' lang='lat' dir='ltr'>datar</span> <span class='ocrx_word' id='word_1_63' title='bbox 1365 1150 1418 1180; x_wconf 84' lang='lat' dir='ltr'>ac</span> <span class='ocrx_word' id='word_1_64' title='bbox 1444 1134 1695 1197; x_wconf 87' lang='lat' dir='ltr'>promisso-</span> 
     </span>
     <span class='ocr_line' id='line_1_12' title="bbox 293 1211 1696 1273; baseline -0.001 -16"><span class='ocrx_word' id='word_1_65' title='bbox 293 1229 396 1258; x_wconf 86' lang='lat' dir='ltr'>rum</span> <span class='ocrx_word' id='word_1_66' title='bbox 424 1212 743 1258; x_wconf 81' lang='lat' dir='ltr'>tenacissimus</span> <span class='ocrx_word' id='word_1_67' title='bbox 767 1211 878 1267; x_wconf 81' lang='lat' dir='ltr'>fuit3</span> <span class='ocrx_word' id='word_1_68' title='bbox 910 1228 995 1256; x_wconf 85' lang='lat' dir='ltr'>nec</span> <span class='ocrx_word' id='word_1_69' title='bbox 1019 1211 1180 1257; x_wconf 83' lang='lat' dir='ltr'>litteris</span> <span class='ocrx_word' id='word_1_70' title='bbox 1204 1221 1283 1257; x_wconf 87' lang='lat' dir='ltr'>aut</span> <span class='ocrx_word' id='word_1_71' title='bbox 1302 1212 1458 1273; x_wconf 85' lang='lat' dir='ltr'>sigillis</span> <span class='ocrx_word' id='word_1_72' title='bbox 1478 1212 1696 1273; x_wconf 82' lang='lat' dir='ltr'>cuiquam</span> 
     </span>
     <span class='ocr_line' id='line_1_13' title="bbox 293 1288 1694 1353; baseline -0.001 -18"><span class='ocrx_word' id='word_1_73' title='bbox 293 1307 412 1353; x_wconf 81' lang='lat' dir='ltr'>opus</span> <span class='ocrx_word' id='word_1_74' title='bbox 445 1299 568 1347; x_wconf 84' lang='lat' dir='ltr'>erat,</span> <span class='ocrx_word' id='word_1_75' title='bbox 602 1288 685 1334; x_wconf 88' lang='lat' dir='ltr'>ubi</span> <span class='ocrx_word' id='word_1_76' title='bbox 727 1305 835 1334; x_wconf 87' lang='lat' dir='ltr'>eum</span> <span class='ocrx_word' id='word_1_77' title='bbox 870 1288 1129 1351; x_wconf 81' lang='lat' dir='ltr'>quidquam</span> <span class='ocrx_word' id='word_1_78' title='bbox 1167 1289 1305 1335; x_wconf 86' lang='lat' dir='ltr'>alicui</span> <span class='ocrx_word' id='word_1_79' title='bbox 1345 1288 1694 1352; x_wconf 75' lang='lat' dir='ltr'>expromisisse,</span> 
     </span>
     <span class='ocr_line' id='line_1_14' title="bbox 293 1365 1700 1429; baseline -0.002 -17"><span class='ocrx_word' id='word_1_80' title='bbox 293 1368 432 1412; x_wconf 86' lang='lat' dir='ltr'>etiam</span> <span class='ocrx_word' id='word_1_81' title='bbox 458 1367 577 1412; x_wconf 81' lang='lat' dir='ltr'>ultra</span> <span class='ocrx_word' id='word_1_82' title='bbox 605 1367 831 1429; x_wconf 89' lang='lat' dir='ltr'>plurimos</span> <span class='ocrx_word' id='word_1_83' title='bbox 859 1381 1035 1421; x_wconf 88' lang='lat' dir='ltr'>annos,</span> <span class='ocrx_word' id='word_1_84' title='bbox 1070 1366 1130 1412; x_wconf 88' lang='lat' dir='ltr'>ad</span> <span class='ocrx_word' id='word_1_85' title='bbox 1155 1366 1432 1412; x_wconf 83' lang='lat' dir='ltr'>memoriam</span> <span class='ocrx_word' id='word_1_86' title='bbox 1455 1365 1497 1410; x_wconf 80' lang='lat' dir='ltr'>ei</span> <span class='ocrx_word' id='word_1_87' title='bbox 1519 1373 1700 1428; x_wconf 84' lang='lat' dir='ltr'>poterat</span> 
     </span>
     <span class='ocr_line' id='line_1_15' title="bbox 294 1443 1698 1506; baseline -0.001 -18"><span class='ocrx_word' id='word_1_88' title='bbox 294 1460 363 1488; x_wconf 67' lang='lat' dir='ltr'>rex</span> <span class='ocrx_word' id='word_1_89' title='bbox 377 1444 518 1488; x_wconf 85' lang='lat' dir='ltr'>ocari.</span> <span class='ocrx_word' id='word_1_90' title='bbox 555 1444 638 1488; x_wconf 87' lang='lat' dir='ltr'>Hic</span> <span class='ocrx_word' id='word_1_91' title='bbox 661 1453 757 1488; x_wconf 90' lang='lat' dir='ltr'>tam</span> <span class='ocrx_word' id='word_1_92' title='bbox 783 1443 953 1504; x_wconf 77' lang='lat' dir='ltr'>fragilis</span> <span class='ocrx_word' id='word_1_93' title='bbox 982 1443 1029 1487; x_wconf 89' lang='lat' dir='ltr'>in</span> <span class='ocrx_word' id='word_1_94' title='bbox 1058 1445 1150 1489; x_wconf 91' lang='lat' dir='ltr'>suis</span> <span class='ocrx_word' id='word_1_95' title='bbox 1180 1443 1439 1506; x_wconf 81' lang='lat' dir='ltr'>promissis,</span> <span class='ocrx_word' id='word_1_96' title='bbox 1473 1459 1698 1505; x_wconf 85' lang='lat' dir='ltr'>quocum-</span> 
     </span>
     <span class='ocr_line' id='line_1_16' title="bbox 295 1519 1699 1583; baseline -0.001 -18"><span class='ocrx_word' id='word_1_97' title='bbox 295 1538 384 1583; x_wconf 90' lang='lat' dir='ltr'>que</span> <span class='ocrx_word' id='word_1_98' title='bbox 416 1522 555 1566; x_wconf 85' lang='lat' dir='ltr'>etiam</span> <span class='ocrx_word' id='word_1_99' title='bbox 596 1521 832 1582; x_wconf 61' lang='lat' dir='ltr'>scripturae</span> <span class='ocrx_word' id='word_1_100' title='bbox 861 1519 930 1564; x_wconf 73' lang='lat' dir='ltr'>vel</span> <span class='ocrx_word' id='word_1_101' title='bbox 963 1520 1222 1580; x_wconf 80' lang='lat' dir='ltr'>sigillorum</span> <span class='ocrx_word' id='word_1_102' title='bbox 1257 1530 1394 1582; x_wconf 79' lang='lat' dir='ltr'>alque</span> <span class='ocrx_word' id='word_1_103' title='bbox 1436 1536 1699 1565; x_wconf 81' lang='lat' dir='ltr'>sacramen-</span> 
     </span>
     <span class='ocr_line' id='line_1_17' title="bbox 296 1594 1699 1657; baseline -0.002 -15"><span class='ocrx_word' id='word_1_104' title='bbox 296 1607 451 1642; x_wconf 85' lang='lat' dir='ltr'>torum</span> <span class='ocrx_word' id='word_1_105' title='bbox 502 1597 766 1642; x_wconf 77' lang='lat' dir='ltr'>velamento</span> <span class='ocrx_word' id='word_1_106' title='bbox 808 1595 1061 1651; x_wconf 72' lang='lat' dir='ltr'>roboratis,</span> <span class='ocrx_word' id='word_1_107' title='bbox 1104 1597 1210 1654; x_wconf 82' lang='lat' dir='ltr'>fuit,</span> <span class='ocrx_word' id='word_1_108' title='bbox 1260 1606 1310 1640; x_wconf 82' lang='lat' dir='ltr'>ut</span> <span class='ocrx_word' id='word_1_109' title='bbox 1358 1596 1414 1641; x_wconf 88' lang='lat' dir='ltr'>de</span> <span class='ocrx_word' id='word_1_110' title='bbox 1463 1594 1699 1657; x_wconf 87' lang='lat' dir='ltr'>qualibus-</span> 
     </span>
     <span class='ocr_line' id='line_1_18' title="bbox 296 1669 1701 1733; baseline -0.002 -16"><span class='ocrx_word' id='word_1_111' title='bbox 296 1688 498 1733; x_wconf 83' lang='lat' dir='ltr'>cumque</span> <span class='ocrx_word' id='word_1_112' title='bbox 541 1671 779 1733; x_wconf 75' lang='lat' dir='ltr'>promissis</span> <span class='ocrx_word' id='word_1_113' title='bbox 819 1670 917 1731; x_wconf 87' lang='lat' dir='ltr'>ejus</span> <span class='ocrx_word' id='word_1_114' title='bbox 964 1671 1119 1716; x_wconf 83' lang='lat' dir='ltr'>nullus</span> <span class='ocrx_word' id='word_1_115' title='bbox 1168 1669 1310 1716; x_wconf 81' lang='lat' dir='ltr'>fidere</span> <span class='ocrx_word' id='word_1_116' title='bbox 1366 1670 1552 1715; x_wconf 87' lang='lat' dir='ltr'>auderet</span> <span class='ocrx_word' id='word_1_117' title='bbox 1577 1689 1588 1727; x_wconf 73' lang='lat'><em>3</em></span> <span class='ocrx_word' id='word_1_118' title='bbox 1639 1671 1701 1715; x_wconf 86' lang='lat' dir='ltr'>ita</span> 
     </span>
     <span class='ocr_line' id='line_1_19' title="bbox 298 1746 1701 1811; baseline -0.002 -18"><span class='ocrx_word' id='word_1_119' title='bbox 298 1748 506 1811; x_wconf 84' lang='lat' dir='ltr'>profecto</span> <span class='ocrx_word' id='word_1_120' title='bbox 545 1748 675 1809; x_wconf 88' lang='lat' dir='ltr'>quod</span> <span class='ocrx_word' id='word_1_121' title='bbox 714 1747 839 1810; x_wconf 85' lang='lat' dir='ltr'>apud</span> <span class='ocrx_word' id='word_1_122' title='bbox 869 1763 1033 1792; x_wconf 88' lang='lat' dir='ltr'>omnes</span> <span class='ocrx_word' id='word_1_123' title='bbox 1072 1747 1215 1792; x_wconf 85' lang='lat' dir='ltr'>ferme</span> <span class='ocrx_word' id='word_1_124' title='bbox 1250 1747 1486 1805; x_wconf 68' lang='lat' dir='ltr'>mortales,</span> <span class='ocrx_word' id='word_1_125' title='bbox 1514 1747 1593 1807; x_wconf 85' lang='lat' dir='ltr'>qui</span> <span class='ocrx_word' id='word_1_126' title='bbox 1630 1746 1701 1791; x_wconf 79' lang='lat' dir='ltr'>vel</span> 
     </span>
     <span class='ocr_line' id='line_1_20' title="bbox 298 1822 1703 1886; baseline -0.004 -14"><span class='ocrx_word' id='word_1_127' title='bbox 298 1836 478 1872; x_wconf 86' lang='lat' dir='ltr'>tantum</span> <span class='ocrx_word' id='word_1_128' title='bbox 528 1826 586 1871; x_wconf 88' lang='lat' dir='ltr'>de</span> <span class='ocrx_word' id='word_1_129' title='bbox 627 1841 683 1870; x_wconf 90' lang='lat' dir='ltr'>eo</span> <span class='ocrx_word' id='word_1_130' title='bbox 722 1824 1002 1870; x_wconf 84' lang='lat' dir='ltr'>audierant¹</span> <span class='ocrx_word' id='word_1_131' title='bbox 1046 1824 1234 1881; x_wconf 81' lang='lat' dir='ltr'>famam,</span> <span class='ocrx_word' id='word_1_132' title='bbox 1285 1838 1372 1886; x_wconf 86' lang='lat' dir='ltr'>pro</span> <span class='ocrx_word' id='word_1_133' title='bbox 1404 1823 1481 1868; x_wconf 88' lang='lat' dir='ltr'>tali</span> <span class='ocrx_word' id='word_1_134' title='bbox 1514 1822 1703 1868; x_wconf 86' lang='lat' dir='ltr'>infamia</span> 
     </span>
     <span class='ocr_line' id='line_1_21' title="bbox 302 1900 927 1948; baseline -0.005 0"><span class='ocrx_word' id='word_1_135' title='bbox 302 1903 632 1948; x_wconf 88' lang='lat' dir='ltr'>famosissimus</span> <span class='ocrx_word' id='word_1_136' title='bbox 661 1900 927 1948; x_wconf 83' lang='lat' dir='ltr'>haberetur.</span> 
     </span>
    </p>

    <p class='ocr_par' dir='ltr' id='par_1_6' title="bbox 301 1974 1704 2347">
     <span class='ocr_line' id='line_1_22' title="bbox 367 1974 1703 2040; baseline -0.002 -18"><span class='ocrx_word' id='word_1_137' title='bbox 367 1982 500 2025; x_wconf 87' lang='lat' dir='ltr'>Pater</span> <span class='ocrx_word' id='word_1_138' title='bbox 528 1979 623 2024; x_wconf 87' lang='lat' dir='ltr'>vini</span> <span class='ocrx_word' id='word_1_139' title='bbox 655 1988 697 2023; x_wconf 81' lang='lat' dir='ltr'>et</span> <span class='ocrx_word' id='word_1_140' title='bbox 729 1994 939 2023; x_wconf 88' lang='lat' dir='ltr'>escarum</span> <span class='ocrx_word' id='word_1_141' title='bbox 970 1978 1414 2040; x_wconf 76' lang='lat' dir='ltr'>temperantissimus</span> <span class='ocrx_word' id='word_1_142' title='bbox 1447 1976 1556 2032; x_wconf 85' lang='lat' dir='ltr'>fuit;</span> <span class='ocrx_word' id='word_1_143' title='bbox 1584 1974 1703 2019; x_wconf 82' lang='lat' dir='ltr'>filius</span> 
     </span>
     <span class='ocr_line' id='line_1_23' title="bbox 301 2052 1697 2118; baseline -0.004 -18"><span class='ocrx_word' id='word_1_144' title='bbox 301 2073 411 2102; x_wconf 66' lang='lat' dir='ltr'>vero</span> <span class='ocrx_word' id='word_1_145' title='bbox 430 2057 487 2101; x_wconf 84' lang='lat' dir='ltr'>de</span> <span class='ocrx_word' id='word_1_146' title='bbox 510 2056 639 2101; x_wconf 86' lang='lat' dir='ltr'>omni</span> <span class='ocrx_word' id='word_1_147' title='bbox 658 2056 771 2117; x_wconf 62' lang='lat' dir='ltr'>gula*</span> <span class='ocrx_word' id='word_1_148' title='bbox 803 2055 1157 2118; x_wconf 86' lang='lat' dir='ltr'>intemperantia</span> <span class='ocrx_word' id='word_1_149' title='bbox 1184 2055 1378 2117; x_wconf 75' lang='lat' dir='ltr'>turpiter</span> <span class='ocrx_word' id='word_1_150' title='bbox 1401 2052 1665 2097; x_wconf 78' lang='lat' dir='ltr'>diffamatus</span> <span class='ocrx_word' id='word_1_151' title='bbox 1689 2069 1697 2095; x_wconf 88' lang='lat'>:</span> 
     </span>
     <span class='ocr_line' id='line_1_24' title="bbox 304 2127 1704 2194; baseline -0.004 -18"><span class='ocrx_word' id='word_1_152' title='bbox 304 2133 444 2189; x_wconf 73' lang='lat' dir='ltr'>unde,</span> <span class='ocrx_word' id='word_1_153' title='bbox 469 2141 677 2194; x_wconf 83' lang='lat' dir='ltr'>utsupra</span> <span class='ocrx_word' id='word_1_154' title='bbox 697 2148 781 2176; x_wconf 90' lang='lat' dir='ltr'>suo</span> <span class='ocrx_word' id='word_1_155' title='bbox 802 2131 908 2175; x_wconf 85' lang='lat' dir='ltr'>loco</span> <span class='ocrx_word' id='word_1_156' title='bbox 934 2130 1212 2189; x_wconf 77' lang='lat' dir='ltr'>retulimus²‚</span> <span class='ocrx_word' id='word_1_157' title='bbox 1239 2147 1345 2175; x_wconf 85' lang='lat' dir='ltr'>cum</span> <span class='ocrx_word' id='word_1_158' title='bbox 1370 2128 1508 2173; x_wconf 86' lang='lat' dir='ltr'>semel</span> <span class='ocrx_word' id='word_1_159' title='bbox 1534 2127 1704 2172; x_wconf 66' lang='lat' dir='ltr'>notho·</span> 
     </span>
     <span class='ocr_line' id='line_1_25' title="bbox 304 2205 1703 2269; baseline -0.004 -16"><span class='ocrx_word' id='word_1_160' title='bbox 304 2209 422 2269; x_wconf 70' lang='lat' dir='ltr'>magi</span> <span class='ocrx_word' id='word_1_161' title='bbox 450 2218 653 2253; x_wconf 71' lang='lat' dir='ltr'>coenaret</span> <span class='ocrx_word' id='word_1_162' title='bbox 675 2209 721 2253; x_wconf 92' lang='grc'>111</span> <span class='ocrx_word' id='word_1_163' title='bbox 741 2207 935 2253; x_wconf 79' lang='lat' dir='ltr'>taberna</span> <span class='ocrx_word' id='word_1_164' title='bbox 958 2206 1167 2269; x_wconf 70' lang='lat' dir='ltr'>publiea7</span> <span class='ocrx_word' id='word_1_165' title='bbox 1198 2216 1242 2251; x_wconf 72' lang='lat' dir='ltr'>et</span> <span class='ocrx_word' id='word_1_166' title='bbox 1268 2207 1358 2251; x_wconf 76' lang='lat' dir='ltr'>illic</span> <span class='ocrx_word' id='word_1_167' title='bbox 1380 2221 1468 2250; x_wconf 86' lang='lat' dir='ltr'>una</span> <span class='ocrx_word' id='word_1_168' title='bbox 1491 2205 1703 2250; x_wconf 65' lang='lat' dir='ltr'>adessent</span> 
     </span>
     <span class='ocr_line' id='line_1_26' title="bbox 303 2281 1704 2347; baseline -0.002 -19"><span class='ocrx_word' id='word_1_169' title='bbox 303 2286 382 2347; x_wconf 88' lang='lat' dir='ltr'>qui</span> <span class='ocrx_word' id='word_1_170' title='bbox 424 2284 584 2329; x_wconf 83' lang='lat' dir='ltr'>famosi</span> <span class='ocrx_word' id='word_1_171' title='bbox 625 2284 718 2329; x_wconf 81' lang='lat' dir='ltr'>vini</span> <span class='ocrx_word' id='word_1_172' title='bbox 765 2292 1001 2345; x_wconf 79' lang='lat' dir='ltr'>potatores</span> <span class='ocrx_word' id='word_1_173' title='bbox 1046 2282 1366 2339; x_wconf 79' lang='lat' dir='ltr'>habebantur,</span> <span class='ocrx_word' id='word_1_174' title='bbox 1415 2282 1511 2344; x_wconf 84' lang='lat' dir='ltr'>ipse</span> <span class='ocrx_word' id='word_1_175' title='bbox 1563 2281 1704 2326; x_wconf 85' lang='lat' dir='ltr'>fertur</span> 
     </span>
    </p>
   </div>
   <div class='ocr_carea' id='block_1_5' title="bbox 305 2420 1703 2705">
    <p class='ocr_par' dir='ltr' id='par_1_7' title="bbox 305 2420 1703 2705">
     <span class='ocr_line' id='line_1_27' title="bbox 359 2420 982 2458; baseline -0.006 -1"><span class='ocrx_word' id='word_1_176' title='bbox 359 2424 373 2457; x_wconf 80' lang='lat' dir='ltr'>‘l</span> <span class='ocrx_word' id='word_1_177' title='bbox 388 2451 395 2458; x_wconf 94' lang='lat'><strong>.</strong></span> <span class='ocrx_word' id='word_1_178' title='bbox 430 2423 495 2458; x_wconf 68' lang='lat' dir='ltr'>MS.</span> <span class='ocrx_word' id='word_1_179' title='bbox 523 2430 645 2456; x_wconf 75' lang='lat' dir='ltr'>lalllell</span> <span class='ocrx_word' id='word_1_180' title='bbox 666 2421 712 2454; x_wconf 72' lang='lat' dir='ltr'>:le</span> <span class='ocrx_word' id='word_1_181' title='bbox 734 2432 774 2453; x_wconf 71' lang='lat' dir='ltr'>eo</span> <span class='ocrx_word' id='word_1_182' title='bbox 797 2420 982 2453; x_wconf 64' lang='lat' dir='ltr'>audieras.</span> 
     </span>
     <span class='ocr_line' id='line_1_28' title="bbox 357 2478 1703 2529; baseline -0.003 -11"><span class='ocrx_word' id='word_1_183' title='bbox 357 2486 394 2520; x_wconf 68' lang='lat'>⁴2.</span> <span class='ocrx_word' id='word_1_184' title='bbox 427 2482 607 2518; x_wconf 75' lang='lat' dir='ltr'>L’auteur</span> <span class='ocrx_word' id='word_1_185' title='bbox 626 2494 664 2518; x_wconf 61' lang='lat' dir='ltr'>sc</span> <span class='ocrx_word' id='word_1_186' title='bbox 692 2489 860 2529; x_wconf 71' lang='lat' dir='ltr'>trompo,</span> <span class='ocrx_word' id='word_1_187' title='bbox 887 2493 932 2515; x_wconf 83' lang='lat' dir='ltr'>ou</span> <span class='ocrx_word' id='word_1_188' title='bbox 957 2479 1043 2515; x_wconf 76' lang='lat' dir='ltr'>bien</span> <span class='ocrx_word' id='word_1_189' title='bbox 1068 2479 1089 2514; x_wconf 84' lang='grc'>11</span> <span class='ocrx_word' id='word_1_190' title='bbox 1116 2479 1269 2515; x_wconf 70' lang='lat' dir='ltr'>rom-oie</span> <span class='ocrx_word' id='word_1_191' title='bbox 1297 2481 1316 2514; x_wconf 80' lang='grc' dir='ltr'>Ξι</span> <span class='ocrx_word' id='word_1_192' title='bbox 1346 2492 1395 2514; x_wconf 88' lang='grc'><strong>1111</strong></span> <span class='ocrx_word' id='word_1_193' title='bbox 1420 2492 1572 2528; x_wconf 56' lang='lat' dir='ltr'>passage</span> <span class='ocrx_word' id='word_1_194' title='bbox 1594 2478 1659 2527; x_wconf 88' lang='lat' dir='ltr'>qui</span> <span class='ocrx_word' id='word_1_195' title='bbox 1682 2491 1703 2514; x_wconf 86' lang='lat' dir='ltr'>a</span> 
     </span>
     <span class='ocr_line' id='line_1_29' title="bbox 305 2540 1701 2591; baseline -0.004 -10"><span class='ocrx_word' id='word_1_196' title='bbox 305 2546 362 2581; x_wconf 70' lang='lat' dir='ltr'>ele</span> <span class='ocrx_word' id='word_1_197' title='bbox 391 2545 484 2581; x_wconf 74' lang='lat' dir='ltr'>omis</span> <span class='ocrx_word' id='word_1_198' title='bbox 512 2544 604 2580; x_wconf 77' lang='lat' dir='ltr'>&lt;lans</span> <span class='ocrx_word' id='word_1_199' title='bbox 639 2543 672 2579; x_wconf 82' lang='lat' dir='ltr'>la</span> <span class='ocrx_word' id='word_1_200' title='bbox 698 2542 961 2590; x_wconf 67' lang='lat' dir='ltr'>transcriptum</span> <span class='ocrx_word' id='word_1_201' title='bbox 988 2541 1034 2577; x_wconf 78' lang='lat' dir='ltr'>de</span> <span class='ocrx_word' id='word_1_202' title='bbox 1055 2555 1122 2577; x_wconf 66' lang='lat' dir='ltr'>sou</span> <span class='ocrx_word' id='word_1_203' title='bbox 1158 2554 1292 2591; x_wconf 77' lang='lat' dir='ltr'>propre</span> <span class='ocrx_word' id='word_1_204' title='bbox 1324 2541 1528 2577; x_wconf 67' lang='lat' dir='ltr'>manuscrit</span> <span class='ocrx_word' id='word_1_205' title='bbox 1546 2570 1554 2586; x_wconf 85' lang='lat'>‚</span> <span class='ocrx_word' id='word_1_206' title='bbox 1583 2554 1646 2577; x_wconf 73' lang='lat' dir='ltr'>car</span> <span class='ocrx_word' id='word_1_207' title='bbox 1678 2540 1701 2576; x_wconf 86' lang='lat' dir='ltr'>il</span> 
     </span>
     <span class='ocr_line' id='line_1_30' title="bbox 306 2603 1702 2655; baseline -0.004 -12"><span class='ocrx_word' id='word_1_208' title='bbox 306 2607 400 2643; x_wconf 61' lang='lat' dir='ltr'>u&#39;est</span> <span class='ocrx_word' id='word_1_209' title='bbox 427 2606 598 2655; x_wconf 62' lang='lat' dir='ltr'>question</span> <span class='ocrx_word' id='word_1_210' title='bbox 620 2604 666 2641; x_wconf 79' lang='lat' dir='ltr'>(le</span> <span class='ocrx_word' id='word_1_211' title='bbox 690 2605 896 2640; x_wconf 61' lang='lat' dir='ltr'>raventun-e</span> <span class='ocrx_word' id='word_1_212' title='bbox 918 2603 979 2654; x_wconf 84' lang='lat' dir='ltr'>qui</span> <span class='ocrx_word' id='word_1_213' title='bbox 1002 2617 1046 2639; x_wconf 66' lang='lat' dir='ltr'>xa</span> <span class='ocrx_word' id='word_1_214' title='bbox 1068 2604 1191 2639; x_wconf 60' lang='lat' dir='ltr'>mim·</span> <span class='ocrx_word' id='word_1_215' title='bbox 1207 2633 1214 2643; x_wconf 72' lang='grc'><em>,</em></span> <span class='ocrx_word' id='word_1_216' title='bbox 1240 2603 1331 2639; x_wconf 74' lang='lat' dir='ltr'>(lans</span> <span class='ocrx_word' id='word_1_217' title='bbox 1351 2615 1474 2639; x_wconf 80' lang='lat' dir='ltr'>aucun</span> <span class='ocrx_word' id='word_1_218' title='bbox 1495 2611 1602 2639; x_wconf 68' lang='lat' dir='ltr'>autre</span> <span class='ocrx_word' id='word_1_219' title='bbox 1629 2614 1702 2638; x_wconf 87' lang='lat' dir='ltr'>en-</span> 
     </span>
     <span class='ocr_line' id='line_1_31' title="bbox 307 2666 745 2705; baseline -0.005 -1"><span class='ocrx_word' id='word_1_220' title='bbox 307 2668 404 2705; x_wconf 77' lang='lat' dir='ltr'>droit</span> <span class='ocrx_word' id='word_1_221' title='bbox 425 2667 471 2704; x_wconf 86' lang='lat' dir='ltr'>de</span> <span class='ocrx_word' id='word_1_222' title='bbox 492 2680 559 2704; x_wconf 63' lang='lat' dir='ltr'>son</span> <span class='ocrx_word' id='word_1_223' title='bbox 578 2666 745 2704; x_wconf 82' lang='lat' dir='ltr'>histoire.</span> 
     </span>
    </p>
   </div>
  </div>
 </body>
</html>
