1875 2956
33 672 90 801 ‘'ff-².
46 603 91 620 ’.

192 210 236 245 12
557 212 896 246 HISTORIARUM
923 212 1155 249 LUDOVICI
1183 214 1237 249 XI

186 308 332 354 court,
379 297 673 343 afficerentur
723 297 783 343 ad
825 296 998 343 foedera
1039 315 1147 343 cum
1191 316 1296 361 rege
1331 317 1588 364 pacemque

187 375 527 438 copulandam,
546 375 810 436 vellentque
832 375 1160 437 principissam
1176 375 1396 423 inducere
1418 387 1463 422 et
1483 395 1588 425 sua-

188 452 296 498 dere
322 452 406 497 sibi
450 451 579 513 quod
611 452 655 496 in
681 451 978 513 conjugium,
1010 451 1140 514 quod
1164 467 1242 496 rex
1262 452 1584 513 desiderabat,

113 563 116 566 >
139 583 142 585 Α
187 545 323 574 suurn
344 530 555 574 animum
578 527 847 584 inclinaret;
875 537 921 573 et
940 527 998 573 de
1015 528 1109 574 hoc
1126 528 1173 573 in
1188 528 1352 589 vulgus
1371 530 1587 577 Ganden-

187 605 333 661 sium,
360 606 439 666 qui
465 615 563 649 tum
588 605 708 649 inter
740 620 787 649 se
826 604 1079 650 seditiones
1113 615 1159 650 et
1197 604 1423 650 tumultus
1457 623 1585 668 paene

180 682 350 743 jugiter
386 680 689 738 exercebant,
714 697 875 726 rumor
899 681 1078 727 exiisset
1094 716 1106 738 ,
1136 681 1240 727 illos
1259 680 1380 726 duos
1402 698 1489 744 pro
1513 684 1588 732 illa

184 774 323 803 causa
338 792 350 815 ,
375 766 601 820 tanquam
619 758 888 821 capitalium
916 758 1167 804 criminum
1184 773 1305 816 reos,
1332 758 1588 821 apprehen-

184 835 353 880 derunt
368 844 412 881 et
436 835 483 880 in
507 851 743 882 carcerem
760 834 1092 882 detruserunt¹.
1183 820 1189 826 .

248 910 430 966 Quibus
460 911 523 957 ita
567 910 897 975 apprehensis,
924 912 1034 974 quia
1065 911 1247 959 fuerant
1295 915 1342 959 in
1391 916 1587 962 consilio

183 988 390 1035 defuncti
411 988 544 1035 ducis
580 989 887 1053 principales,
923 990 1075 1036 statim
1096 991 1311 1036 omniurn
1339 992 1481 1039 ferme
1502 1009 1603 1057 po<

182 1066 416 1129 pularium
427 1067 509 1129 qui
522 1066 736 1112 Gandavi
754 1065 1037 1112 exsistebant
1049 1067 1205 1129 (quos,
1219 1068 1292 1113 vel
1312 1068 1587 1131 injuriarum

183 1159 299 1205 quas
321 1142 408 1189 sub
427 1142 652 1189 defuncto
676 1142 932 1189 tolerarant
946 1179 958 1202 ,
980 1143 1054 1189 vel
1073 1153 1224 1190 metus
1248 1160 1343 1207 quo
1364 1148 1587 1193 serviliter

183 1220 327 1282 pressi
348 1220 553 1279 fuerant,
579 1218 845 1266 recordatio
864 1218 1151 1282 stimulabat)
1173 1257 1184 1276 ,
1211 1220 1272 1266 ad
1293 1237 1375 1268 eos
1387 1222 1587 1286 perden-

183 1297 269 1343 dos
287 1308 332 1343 et
353 1314 378 1343 e
402 1297 558 1343 medio
582 1297 818 1343 tollendos
843 1297 972 1343 suror
991 1296 1275 1343 armabatur.

250 1377 305 1419 Et
340 1390 610 1437 quanquam
646 1374 724 1419 illa
757 1374 831 1420 vel
872 1374 1103 1433 maxime,
1136 1390 1279 1436 quam
1319 1377 1584 1438 retulimus,

183 1466 322 1496 causa
357 1452 540 1497 animos
573 1450 886 1496 multitudinis
916 1450 1225 1496 verisimiliter
1262 1462 1494 1512 moveret,
1521 1463 1588 1499 ta-

184 1544 291 1573 men
323 1527 382 1573 de
415 1528 572 1573 multis
600 1526 990 1572 concussionibus
1009 1563 1020 1585 ,
1051 1526 1293 1574 fraudibus
1315 1538 1359 1574 et
1390 1544 1585 1592 corrup-

183 1604 307 1663 telis,
346 1604 576 1664 variisque
610 1603 710 1649 aliis
732 1602 1032 1661 criminibus,
1063 1613 1227 1649 contra
1258 1604 1452 1650 eosdem
1474 1607 1585 1651 arti-

182 1680 273 1725 culi
310 1680 526 1742 producti
572 1688 618 1725 et
644 1679 837 1725 exhibiti
878 1680 1092 1738 suerunt,
1130 1681 1377 1727 consulatu
1424 1683 1587 1745 oppidi

181 1757 459 1816 Gandensis,
483 1774 564 1802 seu
583 1757 675 1802 loci
695 1756 1054 1818 magistratibus,
1072 1756 1161 1802 sibi
1181 1757 1239 1802 de
1260 1756 1587 1819 hujuscemodi

183 1833 461 1897 [forisfactis]
494 1834 754 1897 plenariam
784 1833 1158 1895 jurisdictionem
1190 1843 1235 1878 et
1267 1835 1586 1895 cognitionem

185 1910 546 1956 vindicantibus.
599 1913 811 1972 Cumque
854 1926 927 1955 res
974 1910 1074 1972 ipsa
1114 1919 1156 1955 et
1200 1910 1368 1972 agendi
1418 1911 1586 1957 modus

181 1988 491 2050 principissar,
522 2003 624 2049 quae
658 1987 704 2031 in
739 1987 916 2050 oppido
947 2003 1147 2050 praesens
1176 1996 1287 2032 tunc
1320 1987 1504 2045 aderat,
1540 1998 1585 2033 et

182 2081 267 2109 suo
293 2065 488 2110 consilio
508 2080 603 2109 non
628 2080 794 2126 parum
821 2064 1099 2127 displiceret,
1125 2064 1472 2125 requireretque
1486 2064 1585 2126 ipsa

184 2141 486 2203 principissa,
512 2150 612 2184 tum
634 2156 718 2202 per
740 2141 1059 2202 semetipsam,
1088 2149 1188 2185 tum
1212 2156 1294 2202 per
1321 2139 1509 2184 nuntios
1532 2156 1585 2185 ac

182 2217 379 2278 legatos,
418 2216 555 2261 variis
590 2226 635 2260 et
664 2216 745 2260 diu
773 2232 826 2260 ac
860 2217 1129 2261 multotiens
1166 2217 1337 2262 iteratis
1376 2215 1581 2272 vicibus,

183 2304 411 2356 quatenus
436 2292 522 2337 sibi
556 2293 665 2338 dicti
700 2292 822 2354 capti
856 2293 1220 2351 restituerentur,
1254 2302 1477 2353 tanquam
1501 2291 1585 2335 do-

184 2372 319 2416 minae
343 2380 385 2415 et
410 2370 690 2432 principissa}
716 2369 890 2431 patriae,
915 2369 973 2414 ad
997 2386 1139 2430 quam
1159 2370 1307 2415 solam
1327 2368 1585 2430 jurisdictio

183 2459 225 2494 et
265 2448 470 2509 cognitio
502 2447 561 2491 de
597 2445 791 2507 objectis
823 2446 868 2490 in
907 2463 986 2491 eos
1015 2446 1290 2492 criminibus
1323 2455 1365 2491 et
1397 2462 1585 2492 accusa-

185 2525 390 2570 tionibus
415 2524 665 2587 pertineret
686 2528 702 2583 (
720 2532 880 2585 utpote
912 2524 991 2585 qui
1020 2534 1064 2568 et
1090 2523 1309 2587 praecipui
1334 2523 1584 2569 consiliarii

240 2692 274 2725 ⁴1.
308 2692 355 2725 19
380 2700 478 2724 mars
502 2689 615 2724 1477.
