1875 2956
661 183 800 219 LIBER
843 183 1010 219 SEPTIM
1020 183 1088 217 [S.
1496 188 1570 222 153

179 278 358 331 partem
379 305 390 327 ‚
417 285 523 314 cum
552 286 636 314 suo
679 270 823 332 impio
862 268 1072 314 satellitio
1106 266 1342 329 expilasset
1388 283 1441 312 ac
1466 269 1572 315 diri-

176 344 363 407 puisset.

241 423 444 466 Fuerunt
470 422 516 466 in
540 438 596 468 eo
617 422 869 468 certamine
888 421 1002 466 bina
1020 421 1120 466 vice
1137 419 1371 465 Clivenses
1393 419 1572 482 depulsi

175 507 221 542 et
249 497 355 543 loco
392 500 536 557 moti⁷
581 499 771 544 viriliter
817 508 861 543 et
902 508 1087 543 strenue
1125 496 1457 543 dimicantibus
1493 499 1572 559 qui

175 591 261 637 pro
285 575 553 621 defensione
578 576 739 639 plateae
764 585 809 620 et
830 575 1025 620 civitatis
1048 572 1324 631 adstabant3
1355 573 1435 618 sed
1462 573 1575 620 fina-

173 653 277 698 liter
299 670 347 698 se
373 653 776 699 accumulantibus
800 650 1092 697 Clivensibus
1118 660 1164 695 et
1181 652 1399 697 atrociter
1422 651 1575 697 immi-

175 730 410 787 nentibus,
431 747 612 776 necesse
634 731 697 775 eis
720 730 819 788 fuit,
848 730 928 791 qui
950 730 1088 790 longe
1108 729 1351 791 pauciores
1375 745 1572 774 numero

173 818 334 866 erant,
360 809 465 853 loco
493 807 672 853 cedere.
708 810 825 853 Nam
856 817 900 852 et
932 807 1040 869 ipsis
1069 806 1360 851 Clivensibus
1389 823 1486 852 sese
1518 823 1570 852 ex

174 885 357 930 civitate
392 884 605 929 nonnulli
629 884 976 941 consociarant‚
1005 884 1085 945 qui
1112 882 1353 928 acerbiore
1385 883 1496 928 odio
1525 884 1571 928 in

174 978 309 1005 suum
334 960 599 1006 ferebantur
618 961 907 1024 episcopum.

237 1038 398 1082 Statim
419 1047 574 1083 autem
592 1047 643 1082 ut
663 1047 788 1099 terga
812 1047 1071 1095 verterunt,
1098 1037 1177 1098 qui
1198 1052 1285 1098 pro
1302 1035 1574 1080 defensione

173 1112 464 1173 adsumant,
498 1115 581 1178 ipsi
607 1115 840 1160 (Ilivenses
863 1130 971 1159 cum
1007 1113 1186 1158 civibus
1216 1128 1307 1157 suae
1334 1111 1570 1170 factionis,

172 1188 370 1235 effractis
391 1190 653 1236 carceribus
683 1191 727 1234 in
754 1189 925 1252 quibus
948 1189 1169 1234 dominus
1192 1188 1250 1233 de
1277 1186 1508 1248 stlonzsort
1530 1196 1573 1231 et

173 1265 249 1310 alii
283 1267 485 1312 fautores
512 1267 580 1312 sui
615 1267 987 1323 asserxabantur‚
1019 1266 1077 1311 ad
1111 1265 1336 1327 palatium
1366 1264 1572 1326 episcopi

172 1342 461 1405 irruperunt,
497 1353 541 1388 et
577 1343 775 1388 effractis
803 1353 848 1388 et
875 1342 1067 1404 direptis
1099 1340 1444 1403 exportatisque
1470 1356 1574 1383 om—

171 1418 309 1463 nibus
351 1436 452 1480 quae
490 1419 604 1464 inibi
653 1419 900 1481 portabilia
935 1419 1123 1463 inventa
1161 1426 1295 1476 sunt,
1334 1416 1380 1460 in
1419 1416 1572 1479 ipsunt

170 1495 308 1540 etiam
330 1496 459 1557 pium
483 1494 755 1558 pontificem
774 1495 942 1540 Christi
964 1497 1034 1539 et¹
1060 1494 1307 1539 dominum
1332 1493 1574 1554 sacrilegas

171 1587 336 1617 manus
380 1588 495 1617 ausu
533 1572 737 1618 nefando
771 1572 958 1634 injicere
998 1587 1095 1616 non
1134 1579 1242 1615 sunt
1277 1569 1432 1627 veriti3
1458 1570 1571 1631 quin

169 1659 215 1693 et
239 1650 396 1695 multis
415 1667 523 1695 eum
542 1649 729 1713 probris
752 1666 805 1695 ac
829 1649 1141 1707 contumeliis,
1169 1646 1347 1708 absque
1371 1646 1467 1690 ullo
1487 1647 1571 1691 Dei

156 1726 337 1771 -timore
373 1736 417 1771 et
452 1727 567 1771 sacri
607 1726 785 1771 ordinis
820 1725 1104 1783 reverentia,
1147 1724 1391 1781 affectunt,
1431 1723 1571 1768 etiam

171 1801 315 1847 domo
347 1802 538 1865 propria
572 1802 824 1863 ejecerunt.
853 1804 972 1846 Cum
1007 1818 1146 1859 vero,
1174 1810 1366 1863 propter
1394 1799 1571 1844 arthre-

173 1879 282 1924 ticas
309 1879 546 1941 passiones
569 1878 768 1941 pedibus
797 1895 893 1923 non
925 1878 1056 1924 facile
1086 1888 1242 1940 posset
1269 1888 1379 1923 tunc
1408 1876 1572 1922 ambu-

170 1955 290 2013 lare,
318 1955 377 2000 ad
402 1955 657 2018 quamdam
679 1956 817 2001 aliam
838 1955 1052 2012 domum,
1077 1954 1159 2000 ubi
1179 1956 1287 2001 satis
1306 1955 1395 1999 vile
1415 1953 1571 2017 publi-

170 2048 278 2076 cum
316 2031 562 2077 tenebatur
598 2032 883 2094 hospitium,
913 2032 1184 2094 deportatus
1211 2042 1304 2085 est,
1338 2041 1477 2093 atque
1505 2029 1568 2075 ibi

171 2125 252 2170 per
274 2108 372 2153 dies
395 2108 566 2153 multos
589 2111 834 2153 serratus*⁶

235 2187 338 2247 Ipso
379 2194 534 2230 autem
565 2184 640 2229 die
683 2201 778 2246 quo
814 2185 879 2230 sic
901 2223 911 2243 ‚
950 2186 1015 2230 uti
1053 2185 1283 2241 diximus,
1321 2185 1482 2230 civitas
1512 2184 1571 2228 ir-

170 2271 303 2323 rupta
342 2261 423 2305 fuit
466 2271 510 2306 et
549 2261 635 2306 sub
682 2262 935 2324 impiorum
975 2263 1226 2307 hominum
1270 2279 1463 2308 manum
1504 2278 1570 2305 re-

225 2413 260 2447 1.
291 2413 361 2449 Ms.
383 2421 417 2448 et
437 2412 570 2449 Matth.
597 2414 777 2450 Chr-inum
797 2416 995 2451 dominum.

224 2474 262 2510 2.
296 2489 312 2504 (ί
335 2474 464 2510 Statim
492 2475 707 2524 praeparatis
732 2476 836 2525 equis
856 2484 891 2512 et
915 2474 1112 2521 curribus,
1139 2475 1356 2525 episcopum
1388 2471 1566 2509 Dux-idem

176 2549 193 2565 τι
216 2534 341 2570 currui
362 2535 576 2584 imponunt,
602 2538 885 2574 Amersfortiam
908 2538 1068 2580 vehunt,
1092 2537 1155 2574 ubi
1175 2537 1273 2587 apud
1296 2534 1526 2585 Agaitwnscs
1548 2546 1568 2569 a

177 2610 194 2626 ιι
218 2594 368 2631 domino
391 2599 566 2645 Reynero
594 2598 639 2633 de
664 2600 942 2646 BJ-‹Jec·kln4›·s·e12
969 2601 1140 2649 captivus
1167 2599 1367 2635 detinetur.
1395 2614 1411 2629 ³>
1438 2599 1568 2631 listram

173 2657 539 2703 amer-sfortismarum
562 2664 863 2696 c1u‹·torim·ertus
878 2690 886 2705 ‚
909 2662 980 2697 cite
1004 2675 1072 2710 par
1095 2660 1303 2696 Maritimus.
