1875 2956
197 208 272 244 270
759 205 1006 242 APOLOGIA
1020 233 1030 249 ,

197 294 304 339 dem
328 309 604 354 germanum
627 291 855 337 violenter
875 291 1141 354 spoliando.
1170 296 1222 339 In
1245 309 1340 355 quo
1368 310 1479 341 sane
1498 309 1600 358 per-

197 370 399 417 ficiendo
418 370 598 431 magnis
612 367 788 414 viribus
802 378 883 414 aut
897 369 1129 415 violentiis
1142 370 1334 417 minime
1350 388 1467 434 opus
1481 382 1595 418 erat.

198 449 312 493 Nam
335 448 457 492 cives
480 447 696 492 locorum
728 455 774 490 et
796 446 1107 508 provinciales
1127 482 1138 505 ‚
1160 445 1218 492 de
1241 446 1331 493 hac
1358 448 1600 512 inopinata

196 533 240 568 et
262 524 387 568 reiut
409 521 654 569 subitanea
686 521 872 568 foederis
901 532 1096 586 ruptura
1120 538 1370 585 rerumque
1393 540 1600 571 commu-

197 598 369 643 tatione
393 596 596 656 attoniti,
618 595 792 660 quibus
813 612 894 642 rex
912 596 1131 643 terribilis
1146 607 1192 643 et
1203 612 1374 658 magna
1393 598 1600 646 invectus

196 674 313 720 furia
336 674 535 734 graviter
556 673 849 732 imminebat,
879 673 1057 720 nullam
1076 674 1337 722 reluctandi
1358 675 1599 722 audaciam

195 745 531 809 opponebant,
559 746 640 793 sed
659 784 670 806 ⁷
695 748 926 811 supplices
952 758 998 794 et
1022 764 1196 812 pavore
1231 748 1379 794 nimio
1407 747 1595 810 dejecti,

193 826 395 871 cervices
439 825 794 872 submittebant.
850 827 985 874 Unde
1036 844 1183 892 parvo
1230 828 1443 889 negotio,
1492 843 1601 875 cum

195 902 322 948 nulla
340 903 598 949 resistentia
614 913 874 968 pararetur,
896 906 1123 968 majorem
1142 907 1285 952 totius
1304 906 1600 952 Normanniae

194 982 460 1044 portionem
498 998 556 1030 eo
586 982 732 1029 modo
759 983 847 1029 sub
880 999 1014 1031 suam
1056 1001 1135 1031 rex
1165 984 1456 1048 paucissimis
1499 983 1601 1030 die-

193 1057 283 1105 bus
324 1060 501 1122 redegit
543 1069 839 1124 potestatem.
886 1064 996 1107 Erat
1038 1063 1166 1108 enim
1207 1063 1305 1125 ipse
1349 1060 1444 1108 dux
1489 1064 1601 1109 Nor-

193 1134 394 1180 manniae
417 1133 545 1180 velut
569 1133 712 1180 arbor
736 1150 898 1181 recens
919 1135 1128 1199 plantata
1154 1136 1200 1182 in
1223 1145 1346 1182 terra
1368 1152 1473 1195 sua,
1498 1152 1600 1199 quae

194 1210 410 1256 nondum
432 1211 584 1258 missis
603 1212 651 1257 in
675 1212 822 1258 altum
843 1211 1080 1259 radicibus
1100 1211 1202 1258 solo
1227 1213 1427 1259 tenuiter
1446 1212 1600 1259 adhuc

193 1287 502 1348 cohaerebat1,
543 1289 718 1352 quippe
747 1290 823 1335 cui
857 1306 945 1335 nec
975 1290 1179 1354 spatium
1203 1306 1290 1336 nec
1315 1290 1477 1336 dilatio
1500 1305 1602 1353 per-

195 1364 331 1410 missa
361 1364 510 1410 suerat
530 1365 577 1410 in
605 1381 725 1428 qua,
759 1364 899 1412 rebus
927 1367 1179 1430 provinciae
1209 1365 1456 1423 ordinatis,
1482 1367 1601 1414 vires

194 1439 253 1485 ad
277 1441 587 1487 resistendum
607 1442 827 1504 colligere
857 1444 1098 1507 potuisset.

259 1517 316 1560 Se
340 1517 478 1577 igitur
504 1517 670 1563 videns
696 1519 759 1565 ita
796 1520 916 1566 dolis
933 1557 944 1579 ,
988 1519 1167 1565 insidiis
1202 1529 1247 1565 et
1270 1520 1410 1565 armis
1438 1520 1598 1584 inique

195 1610 471 1656 oppressum
487 1631 499 1654 ,
532 1595 807 1656 auxiliisque
831 1595 1009 1642 ducum
1039 1596 1286 1642 Britannize
1308 1605 1353 1642 et
1377 1596 1599 1643 Borbonii

194 1669 487 1731 destitutum,
510 1687 630 1734 quos
648 1671 737 1718 sibi
760 1672 958 1719 fideliter
979 1683 1119 1734 atque
1144 1672 1337 1719 firmiter
1357 1672 1599 1719 devinctos

193 1762 247 1792 ac
272 1745 585 1807 adglutinatos
610 1748 709 1793 sore
736 1748 1078 1794 existimaverat
1105 1747 1205 1810 (sed
1237 1748 1395 1794 nescio
1429 1748 1599 1810 quibus

192 1823 388 1869 exilibus
430 1833 475 1869 et
508 1825 703 1870 minime
736 1824 948 1888 profecto
987 1823 1315 1889 probabilibus
1341 1823 1600 1872 offensiun-

193 1900 308 1945 culis
337 1900 501 1947 affictis
532 1918 559 1947 a
583 1917 630 1948 se
660 1901 954 1947 desciverant
986 1912 1032 1947 et
1063 1901 1123 1948 ad
1148 1902 1267 1964 regis
1303 1902 1599 1949 affectionem

193 1978 536 2035 transiverant&⁷
564 1995 673 2024 cum
698 1978 878 2025 videret
901 1987 1067 2025 contra
1088 1978 1361 2042 hujusmodi
1386 1989 1480 2026 tam
1503 1996 1600 2026 ma-

194 2053 379 2100 nifestas
400 2054 642 2102 x‘iolentias
664 2066 709 2102 et
733 2055 867 2102 dolos
882 2056 1146 2102 humanum
1163 2055 1251 2103 sibi
1274 2057 1455 2102 nullum
1471 2056 1599 2102 aliud

194 2147 430 2193 superesse
464 2133 757 2196 praesklium,
799 2134 970 2180 auxilia
997 2143 1136 2197 atque
1168 2133 1489 2180 subventionis
1521 2151 1598 2181 so-

193 2208 302 2254 latia
331 2209 390 2254 ab
415 2210 729 2256 illustrissimis
751 2211 1058 2275 principibus,
1083 2211 1233 2272 digna:
1262 2210 1598 2257 recordationis

194 2295 239 2330 et
274 2287 510 2332 memoria*
542 2288 783 2352 Philippo,
823 2289 1211 2351 Burgundionum
1242 2288 1386 2348 duce,
1421 2298 1466 2334 et
1499 2289 1596 2351 ejus

196 2364 434 2425 unigenito
476 2366 666 2425 karolo,
707 2375 819 2411 tunc
851 2367 1022 2412 comite
1055 2366 1113 2411 de
1149 2365 1435 2427 Clz(11·0l(3)⁴s‚
1470 2383 1596 2412 nunc

194 2456 305 2486 vero
345 2441 563 2501 genitoris
602 2442 671 2486 sui
709 2441 980 2503 dignissimo
1021 2442 1206 2488 haerede
1243 2453 1381 2505 atque
1418 2460 1599 2489 succes-

195 2532 299 2561 sore
327 2516 562 2579 ejusdem,
598 2517 800 2580 petenda
823 2527 866 2563 et
885 2519 1166 2581 postulanda
1197 2519 1415 2565 decrevit.
1453 2519 1595 2581 Cujus

251 2621 284 2655 1.
318 2620 421 2655 Cette
449 2619 569 2669 image
590 2628 639 2656 est
667 2619 749 2665 ddja
772 2619 864 2656 dans
888 2620 1078 2657 l‘flistoire
1101 2621 1150 2658 du
1176 2622 1292 2672 regne
1312 2621 1358 2658 de
1382 2622 1494 2659 Louis
1517 2624 1592 2667 X1,

195 2681 214 2716 ἐι
236 2694 375 2730 propos
395 2681 444 2718 du
463 2683 585 2718 meme
603 2681 676 2718 duc
696 2681 742 2719 de
759 2682 988 2720 Normandie
1002 2712 1011 2729 ‚
1032 2691 1058 2719 t.
1082 2686 1118 2721 ΙΙ
1133 2711 1141 2727 ,
1163 2696 1202 2733 p.
1226 2685 1315 2721 150.
