1875 2956
265 233 338 267 15¹.
635 229 972 267 HISTORIARUM
1001 229 1233 287 LtJDOVICI
1262 231 1314 265 XI

264 319 430 378 dacta,
475 319 785 365 accersierunt
816 317 970 362 statim
999 316 1325 378 hujuscemodi
1358 318 1501 379 iniqui
1530 336 1664 364 suum

269 395 631 458 Enghelbertum
654 430 664 449 ,
693 393 998 438 domicellum
1026 393 1312 449 Clivensem3
1344 394 1438 456 ipse
1469 396 1594 440 enim
1618 397 1665 440 in

267 471 579 517 Amersfordia
599 471 885 516 constiterat.
911 469 1003 525 Qui
1024 469 1178 514 statim
1194 468 1254 514 ad
1274 469 1505 516 civitatem
1526 472 1668 517 veluti

263 550 323 595 ad
362 548 635 611 acquisitam
678 546 885 610 praedam
924 546 1141 592 accurrit.
1182 546 1587 603 Exieruntautem
1623 557 1669 593 et

264 641 361 671 sese
397 638 479 687 per
515 623 691 669 moenia
719 623 1035 682 demiserunt,
1064 622 1144 684 qui
1173 621 1233 666 ad
1259 621 1490 685 stipendia
1521 625 1670 686 ponti-

266 701 362 747 ficis
397 702 444 745 in
491 701 674 747 civitate
705 710 865 757 erant,
903 715 1011 745 cum
1044 697 1258 761 pluribus
1291 714 1347 743 ex
1379 698 1560 745 civibus
1590 701 1670 762 qui

264 778 458 823 studiosi
494 778 696 841 partium
726 776 935 839 ejusdem
968 774 1204 839 pontificis
1238 774 1485 838 eidemque
1514 774 1671 822 fideles

263 855 556 912 exstiterant,
583 864 651 912 et,
679 864 786 918 post
807 863 1132 917 recuperatam
1161 869 1245 916 per
1270 869 1378 898 eum
1403 853 1635 898 civitatem
1656 889 1666 911 ,

263 931 480 977 eamdem
516 932 708 993 ingressi
732 931 931 976 fuerant.
970 931 1062 986 Qui
1095 945 1207 975 vero
1242 930 1322 974 tali
1350 930 1458 991 suga
1479 930 1672 975 minime

264 1009 403 1053 tutari
424 1025 472 1054 se
491 1018 746 1072 potuerunt
765 1019 810 1053 et
832 1007 1094 1071 periculum
1112 1007 1288 1052 instans
1306 1007 1524 1068 effugere,
1545 1023 1673 1053 scru-

265 1086 347 1132 tati
373 1095 481 1131 sunt
515 1103 599 1149 per
631 1085 895 1144 cix-itatem,
919 1094 965 1130 et
993 1085 1073 1147 qui
1099 1083 1157 1129 de
1182 1084 1247 1129 eis
1278 1084 1477 1129 inveniri
1512 1093 1674 1147 potue-

265 1172 391 1223 runt,
420 1162 546 1208 suere
573 1163 620 1208 in
641 1178 876 1208 carcerem
901 1161 1095 1221 detrusi,
1120 1171 1167 1206 et
1189 1160 1249 1206 ad
1272 1177 1320 1206 se
1344 1159 1672 1206 redimendum

266 1240 534 1302 pecuniam,
562 1249 793 1302 quantum
816 1255 952 1302 posse
976 1254 1058 1284 eos
1077 1237 1316 1283 exsolvere
1339 1236 1670 1297 arbitrabatur,

267 1318 497 1380 compulsi
541 1327 587 1362 et
634 1317 907 1363 necessitate
950 1315 1119 1362 adacti.
1161 1315 1385 1360 Nonnulli
1426 1325 1583 1361 tamen
1618 1330 1671 1360 ex

266 1392 641 1452 honestioribus,
677 1404 723 1439 et
758 1393 1006 1439 adversum
1046 1409 1166 1455 quos
1197 1409 1296 1437 non
1327 1401 1425 1438 tam
1451 1391 1673 1437 acerbum

268 1469 432 1515 odium
467 1470 780 1528 efferbuerat,
817 1471 1003 1515 suerunt
1042 1470 1089 1514 in
1125 1471 1328 1533 propriis
1355 1469 1577 1515 domibus
1606 1486 1676 1515 re-

267 1546 388 1604 licti,
437 1548 686 1593 interdicto
722 1549 787 1593 eis
821 1547 907 1592 sul)
939 1548 1044 1593 vitae
1072 1564 1162 1592 suae
1198 1548 1410 1610 periculo
1459 1564 1516 1592 ne
1566 1547 1674 1593 inde

268 1624 393 1669 exire
419 1634 767 1687 praesumerent.
798 1625 931 1687 Capti
955 1625 1095 1670 etiam
1130 1634 1175 1670 et
1206 1625 1456 1687 mancipati
1489 1624 1676 1670 suerunt

269 1716 434 1745 omnes
467 1700 612 1746 ferme
641 1700 699 1746 de
728 1700 872 1745 domo
905 1710 951 1745 et
983 1700 1156 1746 familia
1189 1699 1447 1763 pontificis,
1475 1700 1675 1763 demptis

268 1775 340 1822 his
366 1777 445 1838 qui
467 1776 587 1821 clam
611 1775 733 1822 elabi
756 1786 1028 1839 potuerunt.

334 1855 514 1897 Domus
546 1853 686 1898 etiarn
724 1853 964 1898 nonnullsc
1004 1852 1228 1909 effracta»,
1272 1851 1422 1914 pilatae
1458 1850 1671 1912 suerunt3

270 1944 366 1973 non
406 1940 563 1975 tamen
599 1939 692 1985 tot,
725 1939 839 1992 quot
866 1930 1032 1992 swpius
1059 1929 1197 1992 diripi
1227 1938 1273 1973 et
1305 1928 1493 1992 spoliari
1527 1929 1674 1974 visum

270 2015 337 2058 est
360 2006 407 2050 in
431 2006 601 2052 talibus
627 2007 866 2052 civitatum
898 2005 972 2051 vel
1001 2005 1288 2069 oppidorum
1316 2004 1671 2068 irruptionibus,

272 2082 318 2127 in
346 2099 545 2145 quarum
569 2085 727 2129 multis
756 2101 842 2129 nec
866 2083 1163 2146 corporibus,
1194 2099 1347 2146 neque
1372 2082 1511 2127 bonis
1538 2082 1675 2127 fuisse.

272 2161 503 2222 parcitum
531 2161 817 2221 frequentius
840 2169 1136 2223 compertum
1159 2170 1241 2205 est.
1267 2158 1418 2213 Unde,
1444 2168 1493 2203 ut
1511 2176 1675 2204 verum

272 2235 518 2295 fateamur,
542 2237 743 2299 pensatis
768 2253 925 2282 rerum
955 2236 1342 2293 circumstantiis,
1370 2235 1416 2279 hi
1448 2236 1526 2296 qui
1553 2235 1675 2281 hanc

273 2315 581 2377 irruptionem
609 2315 832 2372 fecerunt,
867 2312 1108 2375 civili[ter]
1132 2313 1324 2357 victoria
1347 2328 1400 2357 ac
1431 2312 1562 2357 valde
1589 2313 1676 2358 cle-

273 2402 453 2437 menter
473 2393 540 2436 usi
566 2393 700 2436 fuisse
724 2392 957 2436 videntur.
986 2393 1089 2434 Non
1113 2391 1238 2435 enim
1266 2390 1549 2450 sanguinarii
1575 2390 1676 2434 fue-

276 2479 411 2528 runt,
438 2478 488 2513 ut
510 2469 569 2513 ad
610 2469 756 2513 caedos
794 2484 966 2530 usque,
1000 2484 1164 2512 corum
1198 2467 1449 2529 praesertim
1481 2483 1600 2529 quos
1629 2483 1676 2511 se

274 2562 440 2591 exosos
478 2546 678 2590 maxime
708 2544 925 2591 habuisse
948 2544 1184 2603 sciebant,
1222 2545 1547 2607 procederent,
1577 2544 1673 2589 imo

275 2640 360 2668 nec
387 2623 445 2667 ad
474 2623 752 2680 domorum,
778 2623 863 2667 nisi
887 2638 1145 2685 paucarum
1166 2656 1176 2677 ,
1201 2621 1512 2683 direptionem
1533 2638 1541 2665 :
1565 2637 1674 2666 cum

277 2710 431 2745 tamen
462 2700 564 2761 jure
590 2699 700 2745 belli
732 2700 893 2762 plures,
917 2699 1183 2744 mortalium
1216 2699 1479 2742 universam
1507 2697 1672 2743 civita-
