1875 2956
240 232 314 267 136
601 231 934 266 HISTORIARUM
964 231 1196 267 LUDOv1c1
1225 233 1277 267 xl

239 319 394 382 potius
428 319 620 364 infamia
651 318 743 363 ulla
779 318 990 375 emersit3
1018 318 1132 379 quin
1162 318 1315 380 potius
1334 319 1393 364 ab
1417 318 1636 364 omnibus

239 396 365 441 velut
387 396 528 459 ipsius
552 411 669 440 uxor
688 395 892 455 legitima
914 393 1194 439 habebatur.

305 473 556 535 Propositis
582 472 719 533 igitur
740 470 1065 533 hujuscemodi
1085 470 1259 526 causis,
1305 480 1494 533 propter
1524 488 1638 534 quas

240 565 335 593 non
361 549 419 594 ad
443 548 616 593 liberos
642 547 871 604 defuncti,
898 547 979 593 sed
1000 547 1060 593 ad
1093 563 1140 591 se
1160 547 1331 610 potius,
1355 547 1496 609 ipsius
1526 550 1638 593 uni-

239 642 347 671 cum
383 641 657 687 germanum
698 625 1016 688 superstitem,
1050 624 1267 669 diadema
1307 634 1351 668 et
1394 624 1638 687 imperium

240 703 368 763 regni
396 702 811 763 jure'devolutum
846 701 1101 757 asserebat,
1142 711 1187 746 et
1227 701 1446 762 requisita
1480 699 1539 746 ab
1577 703 1642 746 eis

239 795 376 841 super
415 795 470 825 ea
505 795 554 824 re
594 780 844 835 sententia,
892 782 1036 840 quos¹
1074 778 1133 823 ad
1169 793 1422 822 commune
1454 777 1641 839 capien-

239 855 354 900 dum
389 872 527 919 super
564 857 692 918 regni
736 856 1060 902 moderatione
1099 855 1346 900 consilium
1388 855 1508 899 intra
1544 870 1641 899 cas-

240 941 391 988 trum,
418 931 548 994 quod
587 934 743 978 Turris
790 933 1146 978 Londoniarum
1186 931 1326 991 vulgo
1364 930 1639 993 appellatur,

240 1018 550 1065 convocarat,
595 1025 703 1053 cum
744 1010 841 1072 ipse
891 1008 1113 1054 dominus
1153 1007 1211 1052 de
1250 1007 1530 1070 Hastinglze,
1565 1007 1642 1068 qui

242 1084 448 1130 defuncti
482 1085 601 1146 regis
635 1101 833 1146 magnus
876 1084 1168 1130 consiliarius
1209 1093 1253 1128 et
1288 1083 1466 1129 amicus
1510 1083 1644 1128 exsti-

242 1170 384 1221 terat,
411 1162 575 1225 spretis
606 1162 807 1226 praefatis
836 1161 1182 1219 calumniandi,
1221 1161 1347 1206 velut
1366 1159 1547 1219 affictis,
1573 1177 1646 1205 co-

242 1234 439 1295 loribus,
465 1248 735 1284 constanter
760 1255 847 1301 pro
868 1238 971 1300 jure
998 1237 1255 1282 liberorum
1285 1236 1492 1282 defuncti
1530 1224 1647 1297 regis

244 1315 428 1360 locutus
468 1315 626 1361 fuisset
645 1326 690 1361 et
714 1315 860 1361 libere
884 1316 1027 1378 ipsius
1051 1315 1182 1360 ducis
1207 1313 1437 1359 voluntati
1460 1322 1648 1358 contra-

244 1391 458 1448 dixisset,
498 1392 658 1438 dicens
684 1409 731 1438 se
755 1392 818 1437 ob
845 1391 1011 1447 fidem,
1051 1408 1193 1452 quam
1229 1393 1328 1435 Deo
1361 1390 1567 1452 primum
1594 1406 1647 1435 ac

246 1467 468 1513 defuncto
510 1469 605 1530 regi
638 1469 853 1528 deberet,
893 1484 1137 1530 nunquam
1169 1468 1216 1512 in
1254 1466 1465 1512 fraudem
1492 1465 1649 1526 hujus-

245 1545 431 1590 cemodi
455 1561 591 1590 suum
615 1555 831 1608 praestare
855 1560 1093 1590 assensum
1111 1581 1121 1600 ,
1149 1544 1272 1588 illico
1302 1542 1527 1587 obseratis
1551 1542 1648 1603 ejus

247 1621 381 1666 castri
417 1622 581 1683 portis,
611 1620 823 1666 adhibita
853 1621 992 1666 etiam
1032 1620 1230 1664 militum
1271 1617 1510 1675 custodia,
1535 1634 1650 1680 quo-

248 1715 352 1743 rum
376 1714 424 1743 se
448 1698 663 1743 satellitio
684 1698 1043 1756 communierat,
1073 1696 1293 1741 eumdem
1316 1695 1564 1739 dominum
1591 1694 1650 1739 de

251 1774 509 1838 Hastz'nglee
531 1774 786 1837 decapitari
806 1774 945 1820 fecit2.
971 1777 1089 1819 Cum
1108 1782 1266 1818 autem
1289 1772 1433 1834 ipsius
1457 1771 1646 1830 familia,

249 1868 351 1913 quae
369 1851 500 1913 juxta
522 1852 705 1896 Turrim
734 1851 845 1896 foris
869 1850 1106 1909 adstabat,
1137 1865 1375 1894 rumorem
1415 1849 1538 1894 intus
1558 1847 1648 1893 fac-

251 1940 348 1974 tum
375 1939 419 1974 et
445 1929 698 1974 tumultum
731 1928 925 1975 audiens
943 1966 954 1988 ,
984 1928 1042 1974 de
1075 1927 1187 1973 dolo
1221 1942 1274 1972 ac
1304 1926 1549 1983 violentia,
1592 1941 1650 1970 ne

251 2006 447 2051 domino
468 2023 553 2051 suo
579 2006 691 2051 illati
715 2016 889 2060 essent,
915 2005 1167 2062 hesitaret,
1194 2003 1274 2048 illo
1298 2011 1437 2064 caput
1458 2001 1600 2063 ipsius
1625 2016 1650 2045 e

251 2100 385 2129 muro
410 2083 606 2129 eisdem3
629 2094 697 2129 est
719 2093 980 2142 ostensum,
1019 2092 1071 2127 ut
1101 2082 1199 2143 jam
1240 2081 1298 2126 de
1336 2079 1532 2124 domino
1564 2095 1648 2123 suo

249 2159 475 2222 quidnam
499 2161 671 2205 factum
694 2159 842 2205 fuerat
864 2159 1065 2221 amplius
1096 2157 1290 2202 minime
1311 2154 1581 2215 ambigeret.

316 2237 447 2299 Capti
474 2246 581 2281 sunt
611 2246 765 2281 autem
787 2246 833 2281 et
857 2236 903 2280 in
935 2250 1170 2280 carcerem
1194 2232 1367 2278 detrusi
1402 2247 1484 2293 per
1518 2247 1649 2275 eum--

305 2396 337 2430 1.
374 2395 483 2440 Quod
500 2393 592 2429 dans
612 2393 646 2429 lc
667 2407 735 2430 111⁵.

305 2459 342 2493 ⁹2.
375 2455 550 2503 llastings
580 2455 635 2490 sut
657 2455 828 2505 decapite
853 2457 873 2490 a
900 2455 933 2490 la
952 2456 1052 2490 Tour
1076 2453 1109 2488 lv
1132 2453 1179 2488 13
1195 2451 1276 2497 juin
1302 2451 1402 2486 ¹483
1418 2478 1427 2494 ‚
1453 2450 1544 2485 mais
1565 2462 1651 2486 sous

252 2520 284 2555 le
306 2519 474 2568 pretence
495 2517 583 2553 d'un
604 2517 771 2566 complot
789 2516 906 2552 tranu'·
929 2529 995 2565 par
1015 2515 1065 2551 lui
1086 2522 1215 2551 contro
1235 2513 1268 2548 lo
1288 2512 1361 2548 duc
1381 2511 1426 2547 de
1440 2512 1649 2556 Glocester,

251 2581 314 2629 qui
343 2579 484 2616 n‘avait
512 2591 648 2616 encore
672 2578 780 2615 luisse
807 2575 970 2628 paraitre
995 2590 1141 2613 aucune
1172 2575 1217 2611 de
1243 2588 1300 2611 scs
1325 2573 1556 2624 pretentions
1575 2575 1595 2609 ὲι
1616 2573 1651 2608 la

249 2654 457 2678 couronne.

306 2707 341 2740 3.
374 2704 403 2741 Il
423 2705 500 2741 faut
520 2705 636 2739 eidem
658 2703 833 2753 puisqu'il
854 2716 877 2751 y
895 2716 915 2738 a
934 2704 1144 2745 lzaesitaret,
1163 2708 1199 2736 et
1217 2700 1300 2749 plus
1320 2699 1395 2735 loin
1416 2697 1628 2746 ambigeret.
