1875 2956
720 214 862 249 LIBER
900 213 1094 251 PRIMUS.
1532 219 1605 256 247

210 302 345 348 alitus
372 311 418 346 et
440 301 680 360 consotuS,
703 300 986 364 sperandum
1005 301 1063 346 de
1086 317 1142 345 eo
1167 301 1311 346 cuivis
1331 301 1462 347 facile
1479 305 1607 351 vide-

208 376 346 423 batur
381 378 534 439 quod,
576 378 672 423 visa
708 378 848 422 totius
885 393 1015 439 paene
1056 378 1183 438 regni
1217 379 1285 423 sui
1324 379 1610 427 lamentabili

208 455 428 516 pauperie
462 470 516 500 ac
545 454 858 512 desolatione,
902 463 1058 499 mente
1092 456 1352 516 recogitans
1388 456 1606 517 gloriam,

207 530 405 589 divitias,
427 530 714 593 opulentiam
740 540 878 591 atque
899 529 1192 576 honestatem
1223 547 1325 593 quae
1348 532 1394 576 in
1424 533 1610 596 oppidis

206 607 292 651 illis
316 607 573 668 insignibus
597 606 920 651 Flandriarum
945 616 989 651 et
1006 607 1203 652 aliarum
1229 618 1481 669 terrarum,
1507 626 1608 672 quac

205 683 292 728 sub
330 684 513 729 illustris
554 681 828 744 Burgundiae
862 682 1033 727 domus
1073 683 1272 745 imperio
1310 685 1523 731 visuntur
1564 696 1609 731 et

205 758 291 804 sub
334 759 502 804 eodem
543 758 739 821 imperio
782 758 954 803 mirum
998 759 1046 803 in
1094 759 1293 805 modum
1332 762 1609 808 coaluerunt

204 846 343 898 atque
382 845 700 894 excreverunt,
728 835 764 880 si
799 851 892 897 qua
922 836 970 880 in
1000 852 1057 881 eo
1083 837 1265 883 virtutis
1288 838 1544 899 aemulatio,
1570 841 1608 885 si

203 913 306 974 quis
329 913 485 975 patriae
507 927 661 970 amor,
695 912 732 957 si
762 927 856 973 qua
890 912 1062 975 cupido
1097 913 1248 959 laudis
1270 924 1314 959 et
1353 915 1535 976 gloriae,
1569 916 1607 962 si

203 1004 295 1050 qua
321 988 656 1052 compassionis
688 998 733 1034 et
755 989 1064 1034 miserationis
1087 991 1290 1049 viscera,
1315 992 1352 1036 si
1375 1008 1469 1054 qua
1496 1009 1607 1055 pos-

201 1074 351 1110 tremo
371 1065 456 1111 Dei
470 1065 727 1110 reverentia
750 1065 982 1125 timorque
997 1066 1289 1124 exstitissent,
1315 1068 1445 1129 quod
1465 1084 1604 1129 gene·-

200 1158 332 1186 rosus
355 1143 547 1205 piusque
585 1151 630 1187 et
658 1141 889 1202 benignus
915 1142 1000 1186 viri
1037 1143 1221 1188 animus
1250 1144 1431 1190 incitari
1465 1154 1604 1206 atque

199 1219 479 1264 inflammari
510 1218 766 1275 debuisset,
795 1229 846 1264 ut
877 1218 1125 1264 artificium
1156 1220 1271 1265 illud
1303 1221 1604 1267 moderandae.

199 1294 263 1338 rei
297 1294 494 1356 publicae
522 1295 570 1338 in
598 1310 795 1354 regnum
822 1311 984 1352 suum,
1017 1310 1073 1338 ex
1104 1295 1177 1339 his
1212 1312 1314 1357 quae
1348 1297 1529 1342 viderat
1559 1309 1604 1343 et

198 1372 516 1432 experimento
556 1371 862 1433 probaverat,
909 1370 1156 1416 transferre
1195 1382 1334 1433 atque
1380 1374 1602 1420 invehere

197 1449 396 1492 voluisse
420 1447 627 1507 deberet,
655 1448 855 1509 totisque
872 1446 1120 1492 conatibus
1143 1457 1282 1508 atque
1304 1449 1467 1494 studiis
1490 1452 1601 1497 eniti

196 1533 246 1568 ut
270 1524 423 1586 ipsum
460 1540 682 1584 regnum,
724 1523 838 1568 olim
866 1523 1060 1584 quidem
1099 1523 1480 1571 florentissimum
1503 1543 1601 1573 om-

195 1602 420 1663 niumque
464 1617 610 1663 opum
650 1601 888 1646 affluentia
925 1610 970 1645 et
1008 1601 1297 1664 populorum
1341 1602 1601 1665 frequentia

195 1678 564 1736 refertissimum,
608 1676 667 1722 ad
704 1677 877 1739 priscas
913 1686 958 1721 et
991 1677 1051 1723 ad
1076 1678 1291 1739 antiquas
1318 1694 1423 1724 suas
1449 1679 1600 1740 digni-

196 1764 332 1811 tates,
358 1753 593 1798 libertates
613 1763 753 1814 atque
777 1753 1066 1815 opulentiam
1090 1763 1136 1798 et
1156 1754 1400 1800 decentem
1414 1755 1598 1816 justitia—¹

194 1828 396 1885 cultum,
427 1826 618 1889 quibus,
648 1826 770 1889 proh
797 1825 958 1871 dolor!
996 1826 1140 1871 ferme
1171 1827 1355 1889 penitus
1378 1828 1596 1876 orbatum

193 1915 261 1949 est
283 1914 327 1949 et
346 1904 642 1962 destitutum,
670 1913 910 1949 revocaret
929 1913 974 1948 et
992 1904 1285 1949 instauraret.

257 1982 352 2027 Tali
378 1982 515 2042 igitur
545 1981 684 2026 erecti
710 1990 850 2043 atque
883 1980 983 2025 freti
1019 1996 1123 2042 spe,
1156 1979 1217 2025 ad
1247 1997 1390 2042 quam
1422 1992 1467 2027 et
1500 1984 1597 2046 ipse

193 2068 304 2104 tunc
325 2059 567 2104 communi
587 2073 673 2103 suo
692 2073 907 2103 sermone
927 2057 1273 2118 regnicolarum
1290 2058 1473 2104 animos
1492 2077 1598 2123 pro-

192 2135 434 2191 movebat,
459 2153 568 2181 cum
591 2136 793 2181 crastino
814 2134 907 2192 die,
929 2144 1179 2197 postquam
1203 2135 1356 2180 Remis
1372 2136 1488 2181 sacri
1506 2137 1595 2182 olei

191 2212 425 2258 delibutus
460 2213 607 2259 fuerat
639 2214 887 2271 unctione,
922 2212 982 2257 ad
1014 2212 1168 2274 ipsum
1200 2214 1594 2260 consalutandum

190 2291 249 2336 ad
278 2291 614 2336 monasterium
643 2289 1097 2335 Sancti-Theodorici
1126 2299 1254 2335 extra
1280 2290 1470 2349 urbem,
1498 2308 1592 2352 qu‹›

189 2383 236 2412 se
268 2368 537 2430 hospitandi
571 2369 717 2430 gratia
745 2367 1031 2425 contulerat,
1066 2368 1440 2426 accessissemus,
1478 2368 1595 2414 sacta

190 2458 298 2487 cum
324 2446 452 2489 omni
472 2445 734 2490 humilitate
758 2454 897 2506 atque
926 2445 1185 2489 reverentia
1208 2445 1507 2504 salutatione,
1536 2445 1594 2490 de

191 2519 376 2565 duobus
394 2522 620 2583 majestati
644 2539 735 2567 suae
757 2522 949 2567 dex'otas
977 2537 1136 2583 preces
1170 2521 1362 2566 fecimus
1377 2524 1404 2577 ¹,
1433 2531 1477 2566 et
1501 2521 1592 2567 hoc

244 2634 280 2667 1.
313 2633 517 2682 Comparer
554 2634 587 2668 lc
626 2634 737 2683 cliap.
765 2648 831 2677 111,
869 2635 896 2671 l.
928 2637 969 2679 I,
1011 2634 1057 2669 dc
1092 2634 1286 2670 l'Histoiro
1319 2634 1369 2670 ‹lu
1402 2635 1516 2683 regne
1549 2634 1594 2671 do

189 2693 302 2729 Louis
326 2696 401 2738 XI,
425 2702 450 2730 t.
472 2696 528 2737 11,
550 2708 587 2742 p.
612 2696 675 2731 10.
