1875 2956
271 262 345 297 100
633 259 970 295 HISTORIARUM
998 257 1229 294 LUDOVICI
1257 259 1312 293 xl

271 349 410 394 etiam
428 347 619 393 abducti
639 345 825 408 captivi.
846 344 1024 403 Caeteri,
1055 343 1162 404 fuga
1182 342 1343 405 elapsi,
1364 359 1472 388 cum
1497 342 1674 403 ingenti

271 441 446 488 pavore
471 425 590 468 intra
617 421 790 467 moenia
819 437 903 466 sua
927 437 975 466 se
1002 420 1323 482 receperunt¹.

336 504 549 556 Quantus
573 508 727 543 autem
755 498 924 557 luctus,
952 513 1054 559 quae
1076 496 1282 542 lamenta
1306 495 1354 539 in
1387 494 1568 540 civitate
1592 511 1675 540 au-

273 578 368 623 dita
402 586 509 622 sunt
539 575 861 638 plangentium
897 573 1072 620 liberos
1104 582 1379 635 parentum,
1422 571 1677 617 liberorum

275 662 513 715 parellteS‚
540 650 734 696 fratrum
758 650 936 710 fratres⁷
975 666 1174 695 uxorum
1207 648 1426 706 maritos,
1460 663 1677 693 carorum

273 730 463 775 affectus
490 745 599 773 suos
619 728 666 773 in
693 745 749 773 eo
775 728 942 791 proelio
965 743 1130 786 caesos,
1171 728 1244 771 vix
1276 724 1558 771 sufficienter
1582 724 1677 770 ullo

271 821 489 851 sermone
507 805 679 866 aequari
706 814 876 868 posset.
904 808 1011 850 Erat
1034 802 1244 868 profecto

389 936 540 977 Luctus
565 936 736 993 ubique,
764 951 893 993 pavor
917 946 958 977 et
980 935 1157 993 plurima
1181 934 1327 975 mortis
1347 933 1502 990 imago.

339 1065 446 1107 Haec
469 1062 657 1106 fuerunt
690 1061 839 1106 felicia
873 1061 1078 1123 auspicia
1118 1061 1385 1105 futurorum
1416 1059 1679 1118 bonorum,

273 1155 375 1200 quae
393 1139 457 1183 eis
476 1154 586 1183 suus
601 1154 753 1182 novus
772 1137 1033 1195 ruwardus⁷
1053 1152 1195 1198 quem
1214 1146 1458 1200 tantopere
1474 1146 1683 1197 regentes

274 1215 506 1260 civitatem
532 1214 844 1277 expetierant,
870 1214 1072 1273 invexit3
1102 1214 1179 1258 hic
1208 1214 1382 1258 fructus
1405 1213 1682 1276 applausus,

275 1307 417 1353 quem
435 1290 523 1335 sibi
545 1290 821 1352 ignorantiae
842 1299 982 1352 atque
1001 1290 1142 1335 etiam
1165 1290 1351 1335 malitia?
1373 1289 1577 1335 tenebris
1603 1288 1688 1334 ob-

274 1367 414 1413 ducta
436 1367 569 1430 plebs
589 1367 820 1426 invalida,
849 1368 942 1413 suis
969 1378 1209 1414 assentans
1232 1367 1509 1426 rectoribus,
1533 1367 1688 1413 eidem

276 1445 494 1491 ruwardo
526 1445 825 1504 adventanti,
864 1445 1002 1490 tertio
1038 1455 1146 1490 ante
1180 1445 1283 1502 die,
1323 1444 1494 1490 fecerat
1524 1460 1578 1490 ac
1616 1460 1689 1489 ce-

276 1523 503 1580 lebrarat3
546 1523 645 1567 haee
681 1538 943 1585 oppressae,
989 1523 1055 1566 uti
1091 1521 1394 1583 jactitabant,
1433 1538 1515 1584 per
1552 1537 1688 1567 suum

278 1600 552 1664 pontificem
579 1616 670 1644 suae
694 1599 926 1644 restitutio
950 1598 1192 1644 libertatis.

344 1677 483 1733 Quod
525 1677 560 1721 si
590 1676 745 1721 hostes
768 1676 1029 1735 civitatem,
1062 1676 1152 1721 hac
1177 1675 1309 1721 clade
1333 1684 1574 1736 suscepta,
1599 1684 1688 1720 sta—

282 1755 363 1800 tim
389 1752 578 1815 aggredi
607 1762 652 1797 et
690 1769 957 1815 expugnare
988 1762 1245 1799 tentassent
1264 1789 1274 1809 ‚
1311 1752 1419 1797 satis
1444 1751 1692 1796 verisimile

281 1842 348 1878 est
371 1830 497 1893 quod
524 1830 573 1874 in
599 1845 654 1874 ea
680 1829 1024 1893 expugnanda,
1051 1830 1116 1874 sic
1137 1839 1189 1874 ut
1219 1839 1317 1874 erat
1341 1838 1452 1873 tunc
1474 1827 1693 1873 exterrita

284 1919 328 1954 et
355 1908 481 1953 velut
516 1906 761 1967 exsanguis
786 1906 976 1965 effecta,
1012 1899 1326 1951 'resistentiam
1351 1905 1459 1950 satis
1490 1904 1693 1950 debilem

285 1985 584 2031 invenissent.
614 1984 705 2029 Sed
742 1983 1063 2029 misericordia
1097 1983 1183 2028 Dei
1222 1983 1499 2043 benigniora
1536 1982 1692 2044 provi-

287 2062 443 2119 dente,
469 2059 529 2105 ab
554 2060 633 2105 illo
655 2070 768 2105 tunc
792 2060 1001 2123 periculo
1025 2060 1299 2105 in'nninente
1323 2060 1482 2104 civitas
1506 2074 1694 2121 praeser-

287 2149 393 2185 vata
411 2139 595 2184 exstitlt.
621 2141 723 2183 Non
743 2138 869 2183 enim
893 2139 991 2183 vult
1014 2141 1161 2193 Deus,
1187 2147 1235 2182 ut
1258 2146 1443 2182 sanctus
1463 2135 1694 2199 propheta

288 2218 437 2277 canit⁷
465 2226 666 2261 mortem
692 2217 975 2279 peccatoris3
1014 2216 1093 2261 sed
1132 2215 1276 2276 magis
1308 2223 1359 2258 ut
1394 2223 1695 2259 eonvertatur

290 2303 334 2338 et
356 2293 495 2338 vivat.

361 2372 499 2414 Erant
527 2369 667 2414 etiam
700 2369 744 2413 in
777 2370 960 2414 civitate
993 2368 1294 2431 quamplures
1326 2368 1412 2411 x‘iri
1449 2366 1606 2412 devoti
1642 2381 1696 2410 ac

292 2446 518 2508 religiosi,
548 2444 719 2507 quibus
745 2445 926 2490 molitio
951 2461 1143 2490 suorum
1169 2444 1428 2506 regentium
1449 2443 1697 2489 vehemen-

344 2624 381 2658 4.
413 2623 465 2656 Lo
496 2619 752 2668 clirouiquenr
771 2617 981 2654 hollandais
1009 2616 1135 2666 publi‹'·
1157 2629 1223 2666 par
1242 2615 1459 2662 Matthaeus,
1480 2614 1696 2651 conform&-

293 2691 390 2719 nwnt
424 2685 442 2717 51
469 2695 512 2717 ce
541 2684 654 2731 qu'on
680 2682 779 2716 vient
813 2680 859 2715 dc
887 2680 954 2715 lire
988 2678 1080 2715 dans
1109 2679 1144 2715 le
1172 2687 1271 2714 tvxte
1297 2677 1343 2713 de
1371 2677 1533 2713 Thomas
1565 2675 1694 2717 Rasin,

291 2746 396 2797 place
415 2752 512 2780 cette
532 2743 667 2779 ‹lel'aite
687 2756 733 2779 au
755 2744 804 2778 26
828 2740 1028 2778 decembre
1050 2744 1142 2778 1481
1159 2770 1164 2776 .
