1875 2956
643 206 785 240 LIBER
813 204 1060 241 SEPTIMUS.
1468 207 1542 241 ¹35

150 305 260 348 tem,
279 308 374 337 non
400 292 529 337 aliter
552 308 692 354 (ptam
717 291 879 354 praedae
899 290 985 335 sibi
1009 289 1265 352 expositam
1289 297 1427 349 atque
1448 307 1546 352 per-

150 369 337 414 missam
353 406 363 425 ,
389 377 692 431 reputassent.

214 447 407 490 Eramus
443 446 527 508 ipsi
558 454 669 489 tunc
704 445 751 488 in
785 443 990 501 civitate,
1020 458 1115 487 non
1151 441 1249 486 sine
1280 450 1424 487 metu.
1455 443 1545 497 Qui

148 538 257 567 cum
282 531 376 567 tam
397 531 603 568 atrocem
622 530 667 566 et
684 519 992 583 periculosam
1015 518 1209 563 civitatis
1233 518 1545 581 captivitatem

149 607 244 643 tarn
273 597 540 644 humaniter
561 596 814 660 procedere
838 595 1170 658 inspiceremus
1196 603 1242 639 et
1261 594 1543 654 videremus,

153 691 345 736 magnas
389 675 639 736 gratiarum
685 673 889 718 actiones
933 671 1140 716 Domino
1192 671 1547 716 exsolvebamus

148 751 276 814 quod
308 761 404 798 tam
429 751 678 796 clementer
706 765 778 794 res
799 759 893 793 tam
927 764 1045 793 sceva
1074 757 1213 810 atque
1239 747 1545 794 formidabilis

147 829 211 873 sic
237 829 508 873 mitesceret.
530 828 690 872 Statim
707 827 832 872 enim
850 836 948 872 erat
966 826 1122 871 videre
1145 827 1268 871 cives
1283 842 1380 871 non
1401 826 1546 872 modo

149 904 195 949 in
221 905 313 950 suis
343 903 590 963 domibus,
618 903 699 949 sed
724 913 768 949 et
790 919 875 967 per
899 903 1053 949 forum
1076 912 1120 948 et
1142 919 1226 966 per
1249 903 1425 966 plateas
1448 920 1546 949 am-

148 979 308 1026 bulare
333 990 471 1043 atque
496 996 600 1026 suas
626 980 916 1026 necessitates
941 995 1218 1042 procurare,
1251 995 1397 1042 parvo
1419 979 1545 1025 lineo

147 1057 400 1118 panniculo
416 1066 598 1103 tantum
621 1057 743 1102 circa
758 1055 1005 1102 brachium
1022 1056 1377 1102 circumvoluto.
1406 1056 1546 1112 Quod

147 1132 330 1193 signum
371 1149 456 1178 nec
492 1149 639 1195 usque
678 1133 737 1178 ad
769 1142 956 1178 noctem
986 1132 1273 1196 portandum
1311 1133 1417 1189 l'uit3
1453 1132 1548 1178 fue-

148 1219 256 1255 runt
290 1210 416 1255 enim
460 1211 613 1256 statim
655 1219 699 1255 et
739 1211 910 1273 rapina:
955 1220 999 1254 et
1038 1210 1268 1255 violentiae
1308 1208 1541 1255 cohibitae.

147 1289 479 1333 Verumtamen
514 1287 574 1333 ad
599 1297 811 1350 sumptus
842 1287 927 1349 ipsi
966 1286 1217 1331 domicello
1253 1296 1298 1331 et
1338 1287 1432 1330 suis
1462 1302 1545 1331 ne-

146 1364 366 1409 cessarios
393 1364 626 1425 exquisitae.
651 1374 758 1408 sunt
782 1364 992 1427 pecuniae
1015 1373 1115 1408 tum
1145 1361 1204 1408 ab
1234 1362 1305 1407 his
1340 1363 1421 1423 qui
1447 1378 1545 1408 rem

146 1439 348 1500 aliquam
386 1438 560 1484 habere
600 1439 903 1501 putabantur,
940 1448 1041 1483 tum
1077 1454 1105 1484 a
1139 1437 1421 1500 quibusdam
1459 1455 1544 1502 pro

145 1530 227 1560 sua
250 1514 572 1578 redemptione
596 1515 667 1560 vel
687 1514 940 1561 domorum
960 1531 1150 1560 suarum
1166 1552 1178 1574 ,
1202 1531 1260 1560 ne
1278 1515 1444 1578 praedae
1466 1532 1546 1561 ex-

145 1602 453 1653 ponerentur3
478 1591 537 1638 ab
556 1591 656 1638 aliis
667 1609 780 1638 vero
795 1593 933 1638 etiam
951 1593 1143 1638 nomine
1159 1592 1355 1637 civitatis
1374 1603 1545 1639 niutuae

146 1678 344 1731 acceptae
379 1679 485 1714 sunt
514 1670 750 1732 pecuniae,
792 1670 1007 1715 cautione
1038 1670 1102 1714 eis
1143 1668 1262 1713 facta
1294 1668 1351 1713 de
1390 1668 1545 1716 flenda

146 1745 451 1790 restitutione.
493 1746 878 1791 Satisfaciendum
911 1746 1037 1790 enim
1073 1754 1327 1806 utcumque
1361 1755 1458 1790 erat
1487 1747 1544 1791 de

147 1820 378 1882 stipendio
396 1821 618 1867 militibus
637 1838 717 1867 seu
735 1821 934 1867 rutheris
950 1822 1031 1883 qui
1051 1821 1129 1866 illo
1148 1820 1470 1882 adventarant,
1495 1831 1544 1866 ut

146 1912 174 1942 a
195 1897 368 1960 rapinis
391 1907 435 1942 et
457 1897 762 1961 amplioribus
784 1898 1016 1943 violentiis
1040 1898 1198 1943 civitas
1221 1907 1496 1944 servaretur.

211 1973 376 2019 Audito
399 1991 510 2019 vero
537 1975 596 2022 ab
623 1975 956 2032 Hollandrinis,
990 1976 1070 2038 qui
1103 1974 1349 2020 obsidione
1376 1976 1544 2021 castel—

146 2049 244 2094 lum
280 2050 582 2096 Montisfortis
616 2053 878 2110 cinxerant,
915 2052 1043 2114 quod
1089 2052 1152 2097 sic
1193 2067 1220 2096 a
1255 2052 1544 2097 Clivensibus

146 2127 404 2189 Trajectum
436 2128 666 2192 irruptum
699 2129 881 2187 fuisset,
926 2129 1079 2174 statim
1111 2128 1261 2173 soluta
1299 2127 1544 2174 obsidione

148 2192 468 2250 discesserunt.

212 2281 302 2326 Sed
342 2298 366 2327 e
411 2282 602 2343 vestigio
640 2281 966 2342 hujuscemodi
1009 2281 1203 2327 civitatis
1230 2282 1543 2344 captivitatem

151 2358 302 2404 multae
327 2358 484 2404 denuo
516 2368 561 2403 et
586 2374 764 2419 magnae
794 2357 947 2404 eidem
970 2359 1143 2404 civitati
1166 2359 1447 2404 calamitates
1474 2376 1543 2403 se-

153 2444 266 2479 cutae
293 2445 413 2480 sunt.
446 2436 651 2480 Primum
676 2436 774 2481 dira
798 2435 940 2481 fames
967 2445 1010 2480 et
1037 2437 1249 2481 omnium
1274 2436 1543 2480 Yictualium

152 2511 332 2556 caristia
362 2528 545 2574 magna.
576 2516 789 2575 Coeperat
817 2514 943 2558 enim
973 2514 1263 2576 aliquantum
1288 2514 1456 2558 remitti
1485 2514 1543 2558 de

154 2587 300 2647 pretio
335 2603 532 2632 annonae
565 2598 609 2632 et
642 2599 918 2634 cunctorum
955 2591 1224 2635 x‘ictualium
1264 2589 1324 2634 ab
1356 2589 1432 2633 ilio
1469 2589 1543 2633 (lic

153 2678 246 2723 quo
270 2662 451 2719 civitas,
474 2665 718 2724 tyrannide
741 2681 951 2719 excussa,
980 2682 1075 2710 sese
1099 2666 1184 2710 sub
1207 2666 1396 2725 legitimi
1421 2667 1543 2727 prin-
