1875 2956
203 204 250 239 10
572 209 908 245 lllSTORIARUM
937 210 1168 248 LUDOVICI
1197 214 1250 248 XI

199 293 513 354 distrahebat,
540 313 648 341 cum
675 297 829 341 enim¹
868 296 983 342 nihil
1022 297 1081 343 de
1100 301 1338 360 promissis
1363 312 1408 348 et
1449 319 1599 352 sacra-

199 374 366 417 mentis
389 389 415 418 a
439 389 486 417 sc
510 373 718 435 praestitis
740 382 786 417 et
812 372 941 418 factis
966 372 1216 419 observare
1241 377 1448 424 curabat.
1482 383 1597 427 Nam

196 459 379 508 etcum,
399 450 611 495 nondum
626 465 817 495 emenso
830 448 1065 506 biennio²‚
1088 461 1273 513 treugas
1286 470 1394 500 cum
1407 458 1593 518 Carolo‚

196 525 316 572 duce
334 543 436 583 suo,
459 525 814 588 haeredibusque
836 536 882 573 et
907 528 1243 588 sucessoribu5‚
1278 531 1410 576 terris
1435 549 1490 579 ac
1509 534 1598 580 do-

197 603 368 661 miniis,
398 603 595 648 subditis
621 613 666 649 et
689 604 993 652 servitoribus
1015 607 1125 666 suis,
1150 616 1195 652 et
1215 623 1270 653 ea
1301 614 1599 660 sacramentis

195 680 477 738 arctissimis,
519 680 677 741 qualia
717 681 979 743 excogitare
1026 682 1247 746 possibile
1283 684 1363 743 sit,
1408 685 1597 748 adjectis

194 757 333 802 etiarn
359 757 509 819 poenis
532 756 730 803 infamia?
751 758 1037 804 omnimodae
1054 769 1100 804 et
1117 761 1453 823 vilipensionis,
1474 764 1595 810 aliis-

193 851 283 896 que
317 836 595 896 gravissimis
632 836 953 884 confirmasset
977 848 1116 901 atque
1135 839 1406 888 roborasset
1427 842 1523 904 (ita
1547 854 1596 889 ut

194 922 355 957 neuter
379 929 520 976 supra
539 914 736 960 alterum
754 951 765 973 ,
786 914 844 960 de
866 916 1014 975 terris,
1043 916 1322 977 civitatibus,
1345 919 1531 982 oppidis
1551 930 1595 965 et

191 987 376 1034 arcibus
407 989 782 1053 quibuscumque
795 1028 807 1051 ,
832 1007 1030 1053 quarum
1055 1002 1165 1038 tunc
1180 993 1444 1040 detentores
1457 1005 1503 1041 et
1516 1013 1594 1041 oc-

191 1076 436 1128 cupatores
457 1076 608 1124 erant,
634 1068 893 1130 quidquam
915 1069 984 1128 vi,
1007 1078 1105 1114 astu
1134 1071 1207 1115 vel
1223 1070 1353 1128 dolo,
1378 1082 1458 1117 aut
1473 1088 1593 1134 quo-

191 1159 393 1205 cumque
420 1143 734 1203 vaframento,
764 1160 844 1190 seu
879 1146 1018 1192 etiam
1042 1155 1209 1209 sponte
1228 1163 1276 1193 se
1313 1147 1593 1195 dedentibus

190 1221 359 1266 accolis
392 1221 608 1266 locorum
640 1221 712 1267 vel
740 1222 917 1268 arcium
949 1221 1244 1280 custodibus,
1284 1223 1473 1286 integris
1509 1242 1593 1270 no-

191 1313 295 1342 vem
317 1298 451 1343 annis
473 1298 790 1357 currentibus,
813 1315 1003 1362 capere,
1032 1315 1264 1363 occupare
1286 1301 1359 1347 vel
1388 1302 1592 1365 recipere

190 1383 373 1436 posset;
393 1374 507 1434 quin
530 1375 686 1437 potius
720 1375 801 1421 ubi
834 1385 979 1438 captae
1015 1376 1086 1421 vel
1109 1387 1348 1439 occupatae
1364 1377 1424 1423 ab
1452 1379 1589 1424 alter-

191 1451 337 1496 utrius
360 1451 736 1514 quibuscumque
756 1452 955 1498 ducibus
980 1454 1074 1497 sive
1098 1452 1294 1498 subditis
1317 1465 1485 1514 essent,
1514 1472 1590 1502 eas

189 1527 313 1571 illico
325 1527 446 1572 ultro
469 1528 681 1590 citroque
696 1530 895 1574 invicem
909 1529 1083 1574 restitui
1105 1528 1252 1574 facere
1265 1530 1589 1577 incunctanter

189 1606 518 1667 tenerentur⁸),
534 1615 690 1651 tamen
706 1616 870 1651 contra
888 1615 957 1651 tot
973 1615 1194 1667 tantaque
1208 1616 1253 1651 et
1269 1616 1361 1651 tarn
1375 1623 1587 1670 expresse

190 1682 415 1742 promissa
435 1692 479 1726 et
492 1682 796 1743 jurisjurandi
817 1683 1038 1743 religione
1058 1681 1240 1727 firmata
1259 1683 1419 1727 venire
1441 1684 1589 1747 impu-

188 1756 473 1817 dentissime,
504 1759 570 1803 uti
590 1757 796 1817 aiebant,
819 1759 1011 1803 minime
1037 1756 1299 1803 verebatur.
1328 1758 1460 1804 Unde
1478 1775 1587 1805 cum

188 1833 379 1878 homine
396 1844 492 1879 tam
509 1833 680 1895 fragilis
699 1844 744 1879 et
764 1835 950 1880 incertae
970 1833 1078 1879 fidei
1099 1833 1243 1897 [cum]
1264 1850 1349 1879 nec
1366 1835 1492 1897 pacis
1510 1836 1586 1881 soe-

186 1910 319 1969 dera,
351 1927 436 1956 nec
462 1911 685 1957 amicitias
699 1912 813 1957 ullas
826 1911 1003 1957 validas
1016 1927 1063 1956 se
1077 1910 1321 1956 habituros
1340 1912 1436 1957 ullo
1447 1923 1584 1974 pacto

186 1995 373 2047 possent
388 1986 651 2046 confidere,
680 1987 758 2048 qui
800 2003 886 2033 nec
910 1990 1034 2045 Deo,
1063 2002 1149 2032 nec
1174 1987 1355 2031 homini
1374 2004 1582 2048 unquam

185 2062 270 2122 (uti
297 2063 435 2123 vulgo
454 2063 715 2124 jactabant)
739 2063 880 2108 fidem
894 2064 1099 2125 aliquam
1118 2073 1356 2120 servasset,
1384 2080 1585 2126 cumque

185 2149 404 2201 practerea
421 2157 582 2186 recens
606 2158 685 2187 eos
706 2152 886 2187 teneret
908 2143 1137 2188 memoria
1158 2142 1217 2187 de
1236 2142 1363 2187 duris
1386 2152 1431 2188 et
1453 2159 1584 2206 aspe-

185 2217 245 2261 ris
267 2217 633 2276 conditionibus,
659 2219 830 2280 quibus
863 2236 943 2264 eos
967 2219 1062 2265 dux
1096 2237 1205 2264 suus
1228 2236 1377 2283 nuper
1415 2222 1583 2266 exstin-

184 2303 283 2339 ctus
320 2305 634 2357 oppresserat,
669 2296 933 2357 pariterque
963 2298 1157 2342 ministri
1187 2297 1255 2341 sui
1287 2306 1331 2341 et
1361 2296 1583 2343 officiales

183 2371 453 2434 (praesertim
482 2371 834 2431 Burgundiones
853 2382 896 2416 et
917 2372 975 2417 de
995 2373 1168 2418 caeteris
1188 2374 1320 2419 terris
1346 2374 1581 2435 gallicanae

184 2448 384 2508 linguae),
397 2447 616 2492 omnibus
626 2448 777 2493 modis
786 2449 1045 2510 principem
1057 2466 1110 2494 ex
1123 2449 1392 2495 nationibus
1403 2451 1583 2512 gallica·

239 2569 271 2601 1.
306 2568 398 2603 Sans
419 2565 532 2602 doute
552 2569 694 2602 omnino
714 2579 761 2603 au
782 2567 853 2603 lieu
878 2567 923 2602 de
945 2572 1054 2617 enim.

236 2631 271 2664 2.
306 2631 398 2677 Voy.
424 2637 449 2667 t.
474 2632 528 2669 Il,
552 2643 590 2679 p.
615 2631 702 2666 36⁴3.

237 2694 271 2725 3.
305 2691 399 2727 C'est
421 2692 453 2727 la
475 2692 568 2729 sart.
597 2695 647 2728 ἰε’
666 2692 712 2728 de
733 2693 765 2728 la
786 2694 889 2727 trove
908 2692 954 2728 de
974 2692 1167 2729 Soteuvre.
