1875 2956
238 214 311 250 188
589 209 928 248 HISTORIARUM
957 209 1190 245 LUDOVICI
1217 211 1273 246 XI

237 299 350 345 dum
373 298 460 345 sibi
490 299 679 345 obviam
705 296 909 355 venisse,
937 295 1057 340 illius
1084 296 1310 358 praeclarae
1340 314 1429 342 suar
1454 296 1637 361 expedi-

237 377 376 422 tionis
385 377 513 422 hunc
523 376 757 420 honorem
771 372 1066 434 fructumque
1082 371 1252 428 retulit,
1274 372 1403 418 illum
1419 374 1635 419 infamem

237 454 648 516 turpissimumque
674 450 801 514 pacis
835 458 1108 505 tractatum3
1139 448 1377 509 factusque
1408 451 1533 495 velut
1569 467 1638 496 sa-

237 529 365 576 telles
405 529 544 592 ipsius
577 528 733 586 ducis,
761 542 869 572 cum
905 526 1073 571 eodem
1109 525 1167 571 ad
1197 526 1499 571 evertendum
1525 531 1638 573 Leo-

238 607 369 652 dium
402 606 601 668 illosque
639 604 883 649 Eburones
921 619 1002 648 seu
1038 602 1318 647 Leodienses
1344 603 1492 657 venit,
1522 619 1641 665 quos

238 684 334 746 ipse
357 682 498 745 paulo
518 692 649 741 ante,
677 681 824 727 multa
848 697 894 726 se
923 682 988 725 eis
1019 680 1332 742 proestiturum
1356 680 1523 725 auxilia
1545 682 1642 742 pol-

238 758 404 816 licitus,
433 758 481 802 in
504 773 634 803 arma
650 758 869 803 adversus
890 756 1111 802 eumdem
1134 754 1303 801 ducem
1327 767 1643 802 commoverat

239 844 377 897 atque
413 835 673 880 excitarat¹.
711 835 830 879 Hinc
860 833 1124 896 triumphos
1163 833 1276 894 egit,
1303 831 1402 877 ba¹c
1428 833 1643 894 prwclara

240 921 413 974 tropaea
430 911 488 957 de
506 911 641 957 hoste
666 911 821 957 retulit
843 920 983 973 atque
1007 911 1052 955 in
1078 926 1273 971 regnum
1291 926 1426 954 suum
1446 909 1637 956 invexit!

305 990 340 1032 E
367 987 538 1050 quibus
563 988 775 1051 profecto
795 989 903 1033 satis
923 987 1105 1032 elucere
1126 997 1265 1048 atque
1282 986 1476 1031 indicari
1497 988 1645 1049 potuit

241 1080 382 1126 quam
420 1065 549 1110 fortis
584 1074 629 1110 et
665 1064 829 1110 excelsi
869 1064 1013 1109 animi
1048 1064 1205 1120 suerit,
1251 1064 1332 1125 qui
1370 1080 1466 1108 non
1502 1065 1644 1110 modo

242 1140 423 1186 hostem
465 1142 656 1205 impune
688 1140 816 1186 abire
854 1140 1078 1203 permisit,
1120 1156 1229 1185 cum
1260 1139 1428 1185 eodem
1457 1141 1646 1186 minime

242 1233 381 1262 ausus
411 1217 661 1279 congredi,
689 1217 829 1279 longe
855 1227 1011 1262 tamen
1041 1217 1188 1279 copiis
1219 1225 1357 1278 atque
1384 1216 1559 1261 viribus
1585 1217 1648 1261 in·

245 1294 477 1354 seriorem,
501 1311 665 1340 verum
689 1295 830 1340 etiam
853 1295 1012 1358 spoliis
1036 1295 1128 1339 suis
1153 1295 1328 1357 optime
1355 1304 1576 1339 onustum
1596 1310 1648 1340 ac

244 1370 462 1415 refertum
486 1370 674 1416 dimisit.

310 1450 454 1492 Porro
475 1448 588 1510 quid
613 1447 670 1493 de
698 1448 787 1493 alia
817 1446 1113 1510 expeditione
1137 1446 1334 1492 referam
1357 1463 1515 1508 quam,
1543 1464 1648 1492 cum

244 1523 341 1584 ipse
374 1523 761 1584 Burgundionum
801 1523 892 1567 dux
932 1522 1186 1567 Ambianos
1221 1522 1453 1567 obsideret
1489 1530 1497 1574 (
1509 1539 1650 1584 quam

245 1598 477 1643 civitatem
515 1599 719 1644 resoluto
752 1599 923 1644 foedere
957 1614 1175 1661 percusso
1206 1599 1251 1643 in
1289 1602 1486 1656 Perona,
1515 1600 1650 1644 simul

246 1689 355 1717 cum
388 1672 566 1737 oppido
596 1674 956 1720 Viromandensi
989 1675 1117 1735 quod
1153 1676 1539 1730 Sancti-Quintini
1577 1692 1654 1738 ap·

247 1751 463 1812 pellatur,
498 1767 574 1796 rex
609 1750 695 1795 sibi
721 1750 1009 1811 abstulerat„
1037 1752 1285 1796 contractis
1307 1752 1364 1795 de
1390 1760 1488 1796 toto
1511 1768 1654 1812 regno

249 1828 462 1873 maximis
488 1828 636 1890 copiis
668 1828 715 1872 in
743 1826 929 1890 oppidis
955 1837 995 1871 et
1026 1826 1233 1872 finitimis
1258 1827 1377 1887 agris
1403 1844 1657 1889 congrega-

249 1913 315 1948 rat
337 1904 355 1947 Ρ
381 1907 540 1966 Neque
562 1905 689 1950 enim
718 1903 905 1949 difficile
930 1913 1067 1949 tantae
1094 1905 1265 1966 talique
1287 1904 1458 1949 miliiiae
1484 1905 1652 1964 suerat,

249 1981 283 2024 si
324 1980 547 2027 ducatum
587 1982 759 2027 strenui
798 1990 843 2025 et
884 1982 1166 2043 magnanimi
1211 1981 1342 2027 ducis
1388 1982 1652 2040 habuisset,

249 2057 436 2103 hostem
465 2075 582 2121 saepe
616 2074 856 2121 superasse
891 2068 1029 2120 atque
1054 2059 1343 2121 protrixissc,
1373 2075 1475 2120 quae
1502 2069 1547 2103 et
1575 2076 1655 2103 nu-

252 2150 381 2179 mero
405 2145 445 2179 et
476 2136 616 2180 armis
640 2151 694 2180 ac
720 2134 897 2180 viribus
917 2136 1056 2196 longe
1080 2135 1278 2180 validior
1302 2145 1343 2180 ct
1368 2136 1657 2198 praestautior

251 2222 365 2256 erat.
396 2212 658 2273 Aliquando
694 2212 911 2273 equidem
947 2222 987 2257 et
1024 2212 1235 2274 pluribus
1260 2213 1541 2257 continuatis
1564 2213 1657 2258 die-

252 2288 340 2333 bus
378 2289 484 2351 ipsis
515 2288 836 2333 obsessoribus
876 2305 1066 2334 annona
1096 2289 1276 2346 deerat,
1306 2299 1400 2334 tam
1434 2306 1519 2352 pro
1552 2291 1657 2335 xiris

253 2382 394 2428 quam
425 2382 512 2428 pro
545 2367 676 2427 equis
706 2366 821 2418 suis,
857 2382 964 2409 cum
989 2374 1143 2410 tamen
1178 2376 1218 2409 et
1247 2365 1443 2411 obsessis
1468 2377 1508 2411 ct
1543 2367 1658 2427 regis

253 2443 471 2489 exercitui
495 2443 652 2487 omnia
680 2441 876 2486 ubertim
902 2440 1211 2487 abundarent.
1240 2443 1327 2487 sod
1356 2443 1658 2490 nihilominus

254 2521 311 2566 ad
343 2530 578 2565 certamen
618 2528 663 2564 et
697 2535 996 2577 congressum
1033 2520 1129 2581 ipse
1164 2538 1238 2565 rex
1276 2521 1556 2566 descendere
1587 2523 1654 2567 vel

312 2677 344 2711 1.
373 2677 468 2721 Voy.
494 2683 519 2709 t.
541 2676 604 2720 11,
626 2686 663 2722 p.
690 2675 764 2709 190
786 2681 818 2707 ct
841 2675 929 2708 ⁹200.
