1875 2956
278 256 324 289 52
642 255 977 291 HISTORIARUM
1007 255 1236 292 LUDOVICI
1266 256 1321 292 xl

278 359 363 388 nec
386 340 712 404 hujuscemodi
738 340 999 385 Germaniae
1037 340 1200 403 populi
1228 339 1286 385 de
1316 340 1486 387 talibus
1514 341 1676 404 prodi·

276 419 483 465 tionibus
514 418 691 476 notari,
731 417 811 462 sed
842 417 998 480 potius
1031 417 1088 462 de
1114 415 1334 462 fidelitate
1365 433 1419 462 ae
1449 418 1679 479 legalitate

277 494 599 542 commendari
625 504 972 543 consueverunt
986 497 1011 538 ¹.

338 573 434 617 Tali
455 586 565 615 vero
601 569 762 632 oppidi
788 570 1001 615 Dolensis
1034 569 1317 627 infortunio,
1344 568 1472 631 quod
1505 571 1679 616 caeteris

279 650 437 713 patriae
469 646 654 710 oppidis
691 656 729 691 et
765 646 1033 709 opulentius
1067 655 1111 691 et
1146 646 1370 691 munitius
1402 645 1674 708 putabatur,

276 725 490 771 exterrita
512 724 601 768 alia
627 723 785 786 patriae
810 723 986 787 oppida
1024 732 1069 768 et
1107 723 1293 768 castella
1329 722 1470 768 ferme
1494 724 1675 783 omnia,

276 801 428 846 statim
480 799 753 846 melioribus
799 816 943 862 quam
992 809 1247 863 potuerunt
1298 799 1500 862 acceptis
1555 800 1681 862 pacis

274 875 650 935 conditionibus,
676 876 967 923 deditionem
984 876 1194 921 fecerunt
1219 885 1264 920 et
1288 874 1375 920 sub
1397 875 1573 936 regiam
1599 891 1682 938 po-

277 963 513 1013 testatem,
547 954 679 999 inviti
710 954 816 998 licet
848 963 893 998 et
924 952 1060 999 valde
1094 950 1466 1015 repugnantibus
1488 953 1677 1010 animis,

277 1030 584 1076 devenerunt.

337 1111 456 1154 Cum
466 1125 578 1154 vero
593 1109 919 1170 conspicerent
934 1107 1183 1164 Suitenses,
1202 1106 1465 1168 conquisita
1474 1109 1680 1170 Burgun-

275 1186 374 1245 dia,
392 1195 486 1231 tam
510 1202 535 1231 e
552 1184 822 1248 propinquo
841 1183 929 1229 sibi
949 1184 1155 1229 'vicinum
1180 1199 1359 1246 regem,
1383 1183 1514 1245 cujus
1540 1183 1680 1230 fldem

275 1272 319 1307 et
342 1263 567 1323 justitiam
597 1261 705 1307 satis
738 1277 765 1307 a
797 1261 945 1306 inulto
973 1271 1182 1324 tempore
1213 1260 1477 1323 exploratas
1506 1259 1683 1306 habere

277 1350 558 1402 potuerant,
586 1339 792 1385 edictum
820 1340 1120 1402 proposuisse
1151 1338 1397 1398 dicuntur,
1436 1347 1487 1384 ut
1519 1355 1683 1384 omnes

275 1417 354 1477 qui
381 1416 439 1461 de
463 1417 556 1462 suis
579 1432 632 1461 ac
662 1415 749 1461 sibi
773 1415 1105 1461 foederatorum
1123 1416 1254 1460 terris
1280 1415 1378 1477 regi
1398 1414 1678 1473 militabant,

275 1493 334 1538 ad
367 1509 499 1540 suam
528 1494 753 1555 patriam,
787 1491 905 1537 infra
934 1491 1177 1554 pra‘fixum
1200 1492 1265 1537 eis
1296 1491 1445 1550 diem,
1482 1507 1580 1537 sese
1612 1508 1683 1537 re-

274 1570 537 1627 traherent,
567 1569 805 1631 alioquin,
833 1568 954 1613 velut
984 1567 1163 1613 banniti
1185 1578 1229 1613 et
1253 1568 1431 1614 exsules
1454 1577 1682 1631 perpetuo

275 1647 577 1692 haberentur.
608 1650 714 1702 Quo
746 1655 939 1707 accepto
971 1646 1165 1703 nuntio,
1193 1645 1335 1707 petita
1360 1660 1387 1690 a
1413 1660 1519 1705 rege
1544 1645 1684 1690 licen-

276 1726 338 1770 tia
369 1724 429 1770 ad
466 1724 657 1787 propria
688 1722 944 1779 redeundi,
984 1722 1215 1768 satisfacto
1247 1723 1312 1767 eis
1353 1721 1412 1767 de
1451 1723 1683 1785 promisso

276 1801 563 1865 stipendi02,
603 1800 663 1846 ad
703 1817 787 1846 sua
825 1801 1065 1846 revertisse
1102 1799 1337 1845 dicuntur.
1382 1802 1485 1844 Non
1526 1809 1683 1845 tamen

277 1879 523 1925 verisimile
554 1887 775 1940 putamus
802 1877 917 1939 quin
950 1877 1107 1939 plures
1134 1876 1289 1922 adhuc
1323 1875 1562 1921 militaturi
1588 1876 1683 1937 regi

278 1955 608 2013 remanserint,
639 1953 923 2016 stipendium
958 1953 1087 2015 quod
1122 1970 1148 1999 a
1176 1969 1282 2014 rege
1314 1953 1576 2015 accipiunt,
1611 1952 1683 1998 his

279 2030 446 2087 bonis,
482 2045 584 2090 quae
613 2028 740 2091 apud
769 2044 878 2073 suos
912 2028 1114 2073 habituri
1159 2037 1335 2086 essent,
1368 2026 1677 2089 praeferentes.

280 2109 395 2151 Sunt
426 2106 553 2150 enim
590 2105 765 2167 major<¹
793 2122 844 2149 ex
877 2115 1007 2168 parte
1038 2106 1085 2149 iu
1121 2105 1321 2167 propriis
1347 2103 1535 2149 sedibus
1565 2119 1682 2166 pau-

282 2200 415 2246 peres
433 2192 477 2227 et
498 2186 678 2244 inopem,
704 2192 864 2245 utpote
885 2183 965 2243 qui
992 2182 1178 2245 Alpium
1204 2179 1365 2241 frigida
1388 2179 1492 2225 loca
1509 2217 1520 2239 ,
1545 2189 1684 2243 atque

277 2261 389 2322 juga
414 2260 543 2305 arida
569 2259 829 2321 steriliaque
854 2259 1083 2304 incolunt.

350 2334 555 2379 Bisuntio
573 2335 586 2355 ³
629 2349 765 2391 verO,
819 2333 1011 2394 antiqua
1063 2342 1107 2377 et
1156 2330 1289 2376 firma
1336 2331 1522 2390 civitas,
1574 2346 1683 2377 cum

284 2412 459 2456 videret
483 2426 642 2456 casum
666 2411 806 2455 totius
826 2409 1079 2470 adjacentis
1102 2408 1375 2471 proxinciae,
1399 2424 1484 2454 nec
1507 2408 1685 2455 viribus

338 2557 373 2590 1.
408 2553 534 2590 Gollut
563 2552 688 2588 donne
709 2552 743 2588 le
762 2551 826 2587 fait
856 2564 952 2600 pour
973 2550 1129 2596 certain,
1155 2553 1354 2587 llle'moires
1375 2552 1422 2586 (Ie
1443 2553 1479 2586 Ια
1498 2552 1684 2587 Francke-
1740 2594 1743 2599 ι

285 2619 430 2660 Comte',
451 2615 477 2650 l.
499 2617 554 2657 ΙΙ,
578 2614 638 2651 ch.
662 2627 765 2650 xux.

337 2679 373 2714 Ξ,
409 2677 436 2712 Il
459 2690 479 2725 y
499 2689 520 2712 a
540 2676 633 2712 dans
653 2677 686 2712 le
706 2675 974 2720 manuscritfle
994 2679 1174 2724 promisso
1194 2677 1240 2711 (Ie
1262 2677 1462 2724 promerito
1484 2678 1679 2725 stipendia

339 2742 373 2778 3.
408 2742 617 2776 Bisumimn
643 2738 735 2775 dans
754 2739 788 2774 le
808 2751 875 2775 ms.
