1875 2956
694 247 837 282 LIBER
870 247 1066 283 PRIMUS.
1498 250 1570 284 305

182 332 240 378 ad
260 331 474 377 eamdem
492 333 668 378 curiam
687 333 936 392 advolavit,
962 343 1100 394 atque
1120 331 1246 395 apud
1266 347 1421 393 regem
1440 333 1569 378 facile

183 407 383 451 obtinuit
410 417 474 465 ut,
500 408 685 454 licentia
702 408 971 470 hujusmodi
994 417 1226 465 revocata,
1254 408 1444 452 nuntius
1462 423 1571 453 cum

181 484 385 547 epistolis
419 494 464 529 et
499 485 752 542 mandatis,
801 485 859 530 de
900 484 1070 547 quibus
1112 500 1252 547 supra
1279 484 1377 546 jam
1410 485 1573 548 saepius

182 576 333 606 sermo
371 577 398 606 a
431 560 567 607 nobis
607 560 792 607 habitus
827 571 917 617 est,
961 561 1287 606 destinaretur.

246 637 480 691 Quoniam
513 638 650 698 igitur
671 647 796 682 certo
821 636 1080 682 sciebamus
1109 637 1263 698 quod,
1290 638 1326 683 si
1361 655 1469 683 cum
1493 638 1576 683 hu-

178 712 383 774 jusmodi
422 713 651 759 mandatis
679 713 765 758 sub
795 713 971 758 ditione
1003 713 1128 774 regia
1167 730 1253 760 nos
1288 716 1478 760 nuntius
1500 715 1575 760 ille

183 789 589 851 apprehendisset,
628 790 789 835 mortis
831 789 1090 852 periculum
1128 791 1257 851 quod
1294 791 1367 835 ille
1406 791 1576 854 impius

183 865 360 910 satelles
378 883 485 912 cum
508 867 600 911 suis
620 865 756 911 nobis
778 866 1035 911 intentabat
1050 866 1362 926 consortibus,
1386 868 1577 913 nullate-

184 959 270 987 nus
292 942 434 989 vitare
448 953 526 988 aut
546 942 745 1004 effugere
764 943 1091 1006 potuissemus,
1106 960 1214 989 cum
1226 944 1486 989 remedium
1509 962 1579 989 su·

184 1034 364 1080 peresse
382 1018 507 1063 aliud
528 1019 782 1082 temporale
803 1019 994 1064 minime
1009 1020 1396 1082 prospiceremus,
1415 1031 1475 1077 et,
1493 1022 1580 1066 iter

186 1104 396 1140 nostrum
425 1112 583 1141 versus
611 1096 892 1157 Lugdunum
920 1096 1138 1142 facientes
1155 1134 1166 1155 ,
1198 1097 1580 1143 intellexissemus

185 1187 212 1217 a
242 1172 421 1231 multis,
446 1173 524 1234 qui
552 1172 610 1218 de
635 1173 763 1218 curia
787 1174 911 1234 regia
938 1173 1270 1236 Perpinianum
1294 1174 1575 1231 tendebant,

184 1249 379 1311 qualiter
411 1250 507 1310 jam
544 1250 733 1295 nuntius
768 1250 843 1295 ille
878 1267 1014 1295 suum
1038 1250 1098 1296 ad
1122 1267 1207 1295 nos
1240 1251 1324 1296 iter
1349 1251 1581 1296 conficere

185 1325 402 1385 deberet,
429 1343 483 1372 ex
512 1328 721 1373 Valentia
751 1328 934 1372 civitate
969 1328 1055 1372 iter
1079 1327 1378 1386 defleximus,
1419 1338 1465 1373 et
1497 1345 1582 1390 per

185 1402 716 1447 Sanctum-Anthoniuni
736 1408 762 1460 ¹,
805 1402 1195 1449 Chamberiacum
1239 1413 1283 1448 et
1317 1406 1579 1459 Genevam,

186 1478 484 1541 Allobrogum
508 1496 587 1525 seu
605 1480 948 1525 Sabaudiorum
974 1490 1130 1538 terras,
1152 1483 1251 1525 Deo
1276 1497 1455 1541 gressus
1472 1496 1580 1525 nos-

187 1566 280 1601 tros
302 1556 544 1617 dirigente,
573 1557 882 1619 pervenimus.
914 1559 1019 1612 Quo
1056 1573 1160 1601 cum
1187 1557 1580 1619 pervenissemus,

186 1632 496 1695 omnipotenti
516 1634 614 1677 Deo
628 1667 638 1687 ,
666 1632 863 1677 creatori
888 1641 1046 1676 nostro
1063 1668 1074 1689 ,
1096 1632 1244 1677 laudis
1265 1643 1308 1677 et
1332 1633 1584 1694 gratiarum

186 1708 380 1754 actionis
426 1707 595 1753 devota
645 1717 800 1752 mente
858 1707 1165 1770 persolvin‘tus
1215 1708 1581 1765 confessionem,

186 1784 314 1846 quod
332 1800 414 1830 sua
432 1800 601 1845 magna
618 1784 890 1845 dignatione
907 1793 951 1828 et
967 1785 1398 1830 misericordissima
1416 1785 1585 1848 pietate

187 1861 456 1924 respexisset
481 1859 788 1906 humilitatem
818 1870 863 1905 et
898 1861 1114 1906 salvasset
1146 1861 1203 1906 de
1233 1862 1585 1908 necessitatibus

186 1949 231 1985 et
256 1939 475 2000 angustiis
501 1939 707 1984 animam
731 1948 963 1994 nostram,
991 1955 1077 1983 nec
1097 1939 1398 1984 conclusisset
1425 1956 1510 1985 nos
1536 1940 1583 1984 in

188 2031 352 2060 manus
384 2015 585 2070 inimici,
627 2014 707 2059 sed
737 2013 965 2059 statuisset
998 2014 1046 2058 in
1081 2014 1187 2059 loco
1217 2015 1420 2076 spatioso
1443 2015 1585 2077 pedes

190 2101 399 2150 nostros,
444 2101 663 2137 canentes
696 2107 806 2135 cum
841 2090 967 2152 regio
1004 2090 1314 2152 hymnografo
1349 2112 1357 2135 :
1389 2110 1411 2134 «
1443 2095 1583 2136 Bene-

188 2168 336 2214 dictus
360 2168 619 2227 Dominus,
655 2168 880 2228 quoniam
920 2167 1181 2213 mirificavit
1213 2167 1582 2213 misericordiam

189 2261 318 2291 suam
340 2245 454 2290 mihi
483 2245 530 2289 in
556 2245 739 2290 civitate
771 2244 967 2289 munita.
1001 2263 1023 2286 »
1048 2247 1149 2290 Jam
1184 2245 1311 2289 enim
1352 2244 1503 2290 minas
1541 2254 1586 2290 et

190 2322 396 2368 fremitus
413 2322 562 2368 leonis
582 2338 678 2366 non
699 2320 994 2378 timebamus,
1022 2337 1131 2366 cum
1154 2330 1285 2366 terrae
1305 2321 1391 2366 illae
1412 2322 1460 2366 in
1489 2321 1586 2382 qui-

188 2397 276 2443 bus
298 2416 383 2444 nos
410 2414 758 2461 receperamus,
785 2413 876 2442 suae
898 2413 996 2442 non
1016 2406 1166 2443 essent
1188 2397 1396 2443 ditionis.

248 2549 280 2583 l.
313 2547 594 2584 Saint-Antoine
614 2561 661 2584 en
680 2545 895 2596 Dauphine.

298 2794 343 2818 nl
1355 2778 1404 2813 ΞΟ
