1875 2956
231 263 305 297 342
792 257 1061 302 ΑΡοιοῦιΑ,

230 348 555 405 Virdunensis,
579 355 684 409 post
716 344 895 390 inedias
916 353 962 389 et
984 343 1250 406 squalorem
1275 347 1487 405 carceris,
1514 361 1633 408 quos

228 425 555 488 quinquennio
594 421 795 485 amplius
823 419 1146 466 miserabiliter
1179 429 1247 465 est
1279 436 1548 484 perpessus,
1584 422 1630 467 in

227 503 397 549 eodem
417 515 601 546 carcere
620 515 645 544 e
668 499 762 544 vita
785 513 935 561 nuper
951 497 1170 558 migrasse
1187 506 1255 542 est
1268 496 1546 559 publicatus,
1567 508 1628 557 et,

228 592 279 627 ut
293 579 586 626 verisimilius
602 577 906 636 existimatur,
922 576 1209 621 mendaciter
1225 574 1471 620 confictus¹
1491 594 1502 633 ;
1522 593 1632 623 nam

228 674 337 704 eum
367 655 522 701 adhuc
552 655 600 700 in
630 654 846 716 squalore
878 653 1076 698 carceris
1101 652 1246 697 vitam
1279 650 1514 696 infelicem
1547 661 1633 698 tra-

226 735 336 780 here
369 749 396 778 a
421 732 635 795 plurimis
664 731 870 776 creditur
893 740 939 775 et
960 730 1181 775 asseritur
1197 731 1224 773 ².
1252 727 1342 773 Sed
1365 742 1473 772 eum
1491 728 1632 774 vitam

227 811 396 857 finiisse
428 808 639 855 affictum
669 818 738 854 est
761 817 810 853 ut
836 817 986 853 castra
1013 816 1059 852 et
1093 815 1224 851 terrae
1248 804 1451 851 ecclesiae
1474 804 1635 850 Virdu-

227 887 406 943 nensis,
440 895 667 948 tanquam
693 885 929 944 vacantis,
959 899 1105 929 manu
1138 883 1263 944 regia
1294 891 1637 944 occuparentur

229 967 384 1028 (prout
411 963 469 1009 de
499 961 620 1008 facto
643 962 813 1007 exstitit
836 961 1055 1023 factum),
1085 970 1131 1006 et
1152 969 1220 1019 ut,
1255 959 1293 1004 si
1322 957 1422 1003 fieri
1454 969 1632 1022 posset,

225 1042 356 1088 alteri
389 1040 449 1086 ad
477 1039 696 1086 eamdem
716 1038 960 1084 ecclesiam
987 1038 1233 1102 pervenire
1256 1035 1511 1095 ambienti,
1538 1046 1637 1082 tan-

227 1135 370 1181 quam
392 1134 477 1182 per
508 1116 690 1161 obitum
714 1113 950 1179 pontificis
982 1124 1228 1161 vacantem
1244 1151 1255 1173 ,
1282 1112 1633 1177 provideretur,

226 1193 634 1258 quemadmodum
664 1202 709 1238 et
732 1192 792 1238 de
825 1191 963 1237 nobis
997 1191 1103 1249 suit,
1131 1200 1182 1236 ut
1206 1207 1348 1254 supra
1374 1189 1634 1250 retulimus,

227 1273 438 1319 similiter
463 1256 722 1316 confictum
741 1279 786 1315 et
808 1278 1163 1332 praesumptum.

291 1349 551 1396 Cardinalis
573 1357 730 1394 autem
753 1347 913 1404 etiam,
940 1356 992 1392 ut
1016 1345 1177 1403 fertur,
1205 1344 1362 1391 adhuc
1387 1353 1634 1408 superstes,

229 1426 594 1473 infelicissimam
621 1425 766 1470 vitam
798 1433 844 1469 et
874 1432 1024 1468 morte
1063 1422 1346 1468 amariorem
1381 1422 1429 1466 in
1467 1420 1638 1466 eodem

228 1505 443 1568 squalore
462 1503 661 1548 carceris
688 1501 873 1547 trahere
890 1500 1206 1564 compellitur,
1232 1499 1637 1562 quemadmodum

226 1583 362 1628 latius
383 1595 524 1643 supra
547 1579 688 1624 etiam
712 1579 963 1623 retexuisse
986 1577 1289 1623 meminimus
1305 1578 1333 1621 ³.

283 1733 320 1769 l.
351 1733 403 1766 Le
431 1728 559 1765 Gallia
587 1727 772 1762 chistiana
797 1725 903 1775 parle
930 1725 976 1761 de
1001 1738 1044 1761 ce
1069 1723 1173 1760 bruit
1202 1723 1374 1774 repandu
1405 1723 1571 1773 pendant
1597 1738 1636 1761 sa

225 1791 418 1830 detention
436 1819 445 1837 ‚
468 1799 495 1827 t.
519 1791 635 1836 XIII,
663 1788 737 1825 col.
765 1789 880 1824 1236.

280 1859 317 1893 ⁶2.
350 1854 381 1892 Il
400 1854 457 1890 fut
477 1852 549 1889 mis
569 1851 663 1888 dans
683 1863 758 1887 une
778 1849 825 1887 de
839 1861 899 1887 ces
919 1848 1105 1886 fameuses
1126 1859 1236 1899 cages
1257 1846 1305 1884 de
1324 1847 1380 1884 ser
1396 1846 1489 1884 dont
1506 1847 1532 1884 il
1551 1847 1640 1885 etait

227 1919 473 1961 l’inventeur‚
504 1928 553 1952 au
578 1913 660 1951 dire
691 1913 737 1950 de
763 1912 993 1951 commines.
1017 1914 1071 1948 La
1097 1910 1227 1947 sienne
1253 1909 1343 1946 e'tait
1367 1910 1569 1960 composee
1591 1910 1639 1948 de

229 1983 305 2018 158
328 1979 455 2030 pieces
476 1978 522 2014 de
546 1976 753 2026 charpente
773 1983 810 2011 et
834 1974 882 2011 de
903 1975 1005 2011 3953
1025 1973 1140 2010 livres
1167 1980 1299 2023 pesant
1319 1971 1365 2008 de
1385 1972 1454 2009 ser.
1477 1973 1634 2019 Sauval,

227 2043 292 2092 qui
315 2055 413 2078 nous
434 2053 480 2078 en
505 2053 526 2077 a
545 2038 730 2076 conserve
751 2037 786 2074 le
800 2036 983 2073 mefmoire
1002 2035 1050 2072 de
1072 2033 1328 2071 construction
1344 2032 1570 2085 (Antiquites
1590 2034 1637 2071 de

228 2104 332 2141 Paris
349 2135 358 2151 ‚
382 2112 408 2142 t.
439 2106 516 2149 III,
538 2116 577 2152 p.
601 2103 717 2149 428),
747 2100 801 2137 (lit
821 2099 960 2150 qu'elle
984 2098 1039 2135 sut
1063 2098 1151 2135 faite
1171 2098 1381 2135 seulement
1401 2110 1447 2133 en
1476 2099 1577 2134 1476
1601 2108 1637 2134 et

227 2166 356 2216 placc'e
377 2165 470 2201 dans
489 2165 592 2201 l’une
611 2164 677 2200 des
697 2171 801 2200 tours
821 2162 868 2199 de
887 2161 923 2198 la
937 2160 1103 2197 Bastille.
1125 2160 1155 2196 Il
1177 2160 1273 2197 n’est
1291 2159 1388 2195 donc
1410 2172 1476 2208 pas
1495 2159 1634 2195 certain

227 2243 301 2280 que
321 2243 362 2267 ce
382 2230 454 2267 soit
475 2232 495 2266 a
512 2243 554 2266 ce
574 2241 690 2278 genre
710 2227 757 2264 de
776 2226 909 2264 cachot
929 2239 1004 2276 que
1022 2224 1162 2263 venille
1181 2224 1274 2261 faire
1295 2223 1456 2260 allusion
1475 2222 1636 2260 Thomas

227 2291 356 2337 Basin,
375 2291 428 2328 lui
452 2291 514 2341 qui
535 2290 693 2327 ccrivait
714 2302 757 2327 ce
777 2291 894 2339 qu'on
915 2288 958 2324 lit
978 2287 1025 2324 ici
1045 2300 1092 2324 en
1117 2288 1229 2323 1474.
1245 2284 1344 2332 Quoi
1367 2283 1457 2333 qu’il
1479 2296 1525 2320 cn
1546 2285 1632 2331 soit,

227 2355 401 2403 l’echue
429 2352 476 2389 de
504 2351 659 2389 Verdun
684 2359 751 2401 put
772 2364 811 2387 se
830 2350 948 2386 livrer
966 2351 987 2385 a
1009 2347 1151 2385 l'ctude
1171 2346 1339 2397 pendant
1368 2358 1408 2382 sa
1431 2345 1632 2395 captivite3

226 2417 249 2453 il
273 2416 398 2466 appi-it
426 2415 461 2451 le
496 2414 596 2450 droit
626 2422 662 2450 et
688 2426 712 2462 y
741 2412 872 2449 devint
909 2411 956 2447 de
989 2410 1175 2460 premiere
1210 2409 1326 2446 force.
1363 2409 1489 2444 Gallia
1522 2408 1635 2442 claris-

228 2484 355 2525 ῐῐαηα,
394 2477 419 2514 l.
448 2491 483 2516 c,

282 2542 319 2577 3.
346 2541 494 2588 Voyez,
515 2552 553 2588 p.
579 2540 668 2574 317.
