1875 2956
722 212 861 247 LIBER
889 211 1084 247 PRIMUS.
1522 215 1598 251 249

206 298 336 345 rebat
352 309 571 361 praeterea
593 315 658 354 se,
679 309 927 361 postquam
948 298 1076 358 regni
1099 306 1142 342 et
1165 305 1393 341 terrarum
1413 314 1599 345 suarum

204 375 371 420 limites
404 376 558 420 suisset
595 375 845 435 ingressus,
874 375 1021 432 illico,
1050 373 1236 418 nemine
1261 373 1400 417 etiam
1422 373 1507 418 sibi
1535 376 1600 419 in-

204 451 411 509 dicante,
444 462 680 515 patentem
704 450 1090 512 manifestamque
1125 448 1434 494 differentiam
1472 460 1603 496 nota—

202 528 321 572 visse
354 537 580 574 terrarum
611 529 756 589 regni,
791 543 905 588 quas
937 524 1299 587 ingrediebatur,
1331 535 1376 570 et
1406 526 1601 572 aliarum

203 603 290 648 sub
315 603 491 648 ditione
515 603 644 649 (lucis
667 593 958 663 Burgundiae,
985 618 1010 646 e
1036 601 1206 664 quibus
1229 601 1401 660 exibat,
1427 604 1603 647 consis—

203 681 414 725 tentium.
458 683 573 726 'Nam
609 696 768 742 agros,
801 679 880 724 ubi
907 678 1077 741 pedem
1101 679 1148 723 in
1185 694 1329 739 regno
1358 690 1598 741 posuerat,

204 755 378 817 ubique
411 756 551 802 ferme
580 757 866 819 squalentes,
904 755 1127 814 incultos,
1166 754 1295 800 rubis
1319 765 1362 800 et
1396 755 1603 801 sentibus

202 842 340 894 atque
366 832 563 877 dumetis
591 833 804 896 oppletos
828 832 1092 890 invenerat,
1116 832 1230 876 raris
1261 841 1306 876 et
1332 832 1505 893 exiguis
1523 848 1602 877 co-

202 908 322 953 lonis
345 909 649 968 inhabitatos,
679 910 804 972 ipsos
831 909 968 954 etiam
988 924 1208 969 agrorum
1227 909 1427 953 cultores
1452 909 1604 955 nudos

202 1001 332 1047 pa=ne
355 995 433 1031 aut
457 987 733 1047 tegumentis
755 985 924 1031 vilibus
952 995 1089 1048 atque
1119 986 1327 1031 laceratis
1350 987 1502 1031 vultus
1531 1003 1604 1048 ge—

201 1077 301 1106 rere
324 1078 578 1123 exsangues
612 1072 657 1107 et
687 1063 986 1120 macilentos,
1026 1062 1106 1123 qui
1140 1062 1413 1108 miserandae
1438 1079 1602 1108 eorum

202 1137 369 1200 inopiae
404 1149 449 1184 et
483 1140 743 1202 paupertati
777 1140 1030 1201 unicuique
1061 1139 1252 1185 eosdem
1288 1140 1483 1185 intuenti
1516 1157 1601 1185 no-

202 1215 318 1259 torie
351 1224 709 1273 attestarentur3
753 1216 968 1261 villarum
1002 1231 1113 1260 vero
1148 1225 1286 1278 atque
1315 1217 1483 1261 aedium
1509 1226 1601 1262 tam

200 1291 474 1336 rusticarum
498 1309 639 1354 quam
663 1292 953 1338 urbanarum
977 1291 1151 1353 ubique
1174 1293 1372 1337 inveniri
1398 1294 1604 1353 ingentes

199 1368 376 1427 ruinas,
405 1370 619 1414 materias
643 1369 817 1414 dirutas
840 1377 885 1413 et
919 1368 1095 1429 majore
1113 1384 1168 1413 ex
1192 1378 1322 1430 parte
1348 1369 1445 1413 sine
1469 1369 1602 1414 habi-

200 1453 374 1501 tator03
414 1461 516 1506 quae
540 1461 651 1490 vero
687 1444 975 1503 incolantur,
1002 1452 1098 1488 tam
1135 1444 1300 1489 misere
1330 1445 1599 1505 instructas,

196 1528 292 1564 tam
317 1520 395 1565 vili
417 1530 462 1565 et
478 1536 582 1565 rara
601 1519 916 1582 suppellectile
934 1529 1144 1577 ornatas,
1171 1528 1222 1564 ut
1244 1520 1360 1565 nihil
1386 1521 1513 1566 aliud
1538 1521 1601 1568 fa-

196 1597 288 1642 cies
311 1613 555 1659 agrorum,
583 1596 836 1642 hominum
866 1605 1006 1658 atque
1042 1596 1257 1641 villarum
1291 1613 1434 1658 quam
1460 1609 1603 1643 extre-

197 1689 324 1719 mam
354 1674 651 1737 pauperiem,
692 1673 1003 1735 dejectionem
1035 1683 1174 1736 atque
1201 1675 1467 1719 servitutem
1492 1691 1603 1737 prae-

198 1750 387 1796 tendere
418 1750 696 1807 videantur3
735 1766 760 1795 e
792 1749 976 1794 diverso
1000 1766 1111 1795 vero
1131 1787 1142 1808 ,
1172 1750 1221 1794 in
1251 1751 1382 1795 terris
1412 1750 1602 1797 (litionis

201 1826 492 1886 Burgundiae,
516 1826 641 1871 unde
666 1826 762 1889 ipse
782 1825 1023 1884 veniebat,
1048 1826 1207 1871 omnia
1230 1826 1411 1881 florere,
1442 1828 1601 1873 omnia

197 1902 321 1947 velut
353 1903 595 1965 splendere
625 1912 762 1964 atque
791 1903 995 1947 eminere
1018 1902 1154 1948 liceat
1178 1902 1368 1948 cuilibet
1399 1903 1595 1948 intueri:

198 1976 403 2022 civitates
427 1986 565 2037 atque
601 1975 776 2038 oppida
806 1976 1177 2038 frequentissima
1213 1986 1258 2022 et
1278 1992 1426 2039 prope
1450 1979 1600 2022 conti-

198 2069 307 2112 nua,
331 2053 617 2116 populorum
640 2052 954 2112 multitudine,
973 2052 1276 2098 aedificiorum
1298 2053 1599 2115 magnificen-

200 2131 259 2176 tia
297 2141 341 2175 et
376 2131 610 2176 variarum
651 2146 797 2192 opum
836 2139 975 2192 atque
1014 2130 1143 2175 omni
1181 2146 1347 2191 genere
1389 2132 1599 2194 pretiosae

198 2207 526 2269 suppellectilis
560 2206 881 2263 refertissin1a3
926 2207 972 2252 in
1013 2207 1132 2267 agris
1164 2223 1277 2252 vero
1317 2217 1361 2252 et
1392 2209 1439 2253 in
1483 2209 1600 2253 villis

198 2283 311 2327 nihil
347 2283 610 2339 desertum,
650 2283 765 2328 nihil
797 2283 958 2329 inutile
999 2293 1079 2328 aut
1116 2283 1334 2346 squalens
1367 2285 1595 2341 inveniri,

199 2360 279 2404 sed
303 2361 460 2406 omnia
498 2361 588 2406 illic
621 2361 767 2420 culta,
806 2362 965 2407 omnia
1000 2371 1097 2407 sata
1130 2363 1202 2407 vel
1229 2362 1288 2407 ad
1326 2363 1596 2408 animalium

201 2450 371 2496 pascua
398 2437 570 2482 utiliter
592 2437 820 2482 destinata
844 2437 991 2483 videri
1017 2449 1061 2484 et
1083 2438 1278 2495 haberi3
1306 2439 1480 2484 nullam
1508 2440 1597 2483 illic

202 2512 367 2557 intueri
390 2515 596 2572 ruinam,
634 2515 810 2560 nullam
846 2515 1095 2561 maceriem
1135 2532 1330 2561 vacuam
1357 2525 1435 2560 aut
1467 2516 1596 2560 diru-

204 2597 296 2632 tam
315 2625 325 2643 ,
352 2589 430 2633 sed
449 2592 607 2635 omnia
627 2592 806 2636 colonis
826 2601 905 2636 aut
920 2591 1262 2638 habitatoribus
1282 2609 1378 2637 esse
1399 2593 1593 2654 repleta3

204 2664 402 2726 populos
419 2682 529 2711 vero
552 2676 646 2712 tam
666 2668 713 2711 in
735 2667 918 2729 oppidis
941 2685 1083 2729 quam
1106 2669 1150 2713 in
1173 2670 1312 2729 agris,
1336 2679 1431 2714 tam
1451 2670 1593 2726 culte,
