1875 2956
354 321 400 354 84
715 318 1049 355 HISTORIARUM
1078 319 1308 355 LUDOVICI
1335 321 1386 356 X}

354 424 460 453 men
499 418 541 453 et
586 407 791 470 potentia
840 423 937 451 non
980 406 1123 451 modo
1172 408 1264 451 suis
1315 406 1532 465 subditis,
1581 407 1660 452 sed
1703 416 1748 451 et

352 485 514 529 vicinis
535 484 665 528 terris
707 483 944 528 formidini
978 493 1116 546 atque
1135 484 1299 530 terrori
1324 500 1505 546 semper
1540 484 1742 539 fuerant,

351 562 475 607 idem
498 579 607 606 suus
639 561 845 624 pontifex
878 561 1119 624 privilegia
1147 578 1339 607 suorum
1378 561 1549 605 civium
1582 561 1747 607 decur-

350 638 516 696 tabat¹,
544 654 645 699 quae
682 638 727 681 in
760 637 964 699 quadam
994 637 1155 683 charta
1188 637 1351 682 dicunt
1373 653 1420 681 se
1445 635 1634 695 habere,
1662 636 1747 682 ob-

349 716 519 760 servari
538 715 867 761 inviolabiliter
887 731 914 761 a
951 715 1044 761 suis
1062 714 1382 778 pontificibus,
1409 713 1523 758 dum
1545 714 1747 776 primum

350 791 395 835 in
435 790 700 835 dominium
746 800 791 837 et
821 792 1164 854 possessionem
1209 790 1366 854 patria*
1405 789 1743 849 ingrediuntur,

347 877 640 912 sacramento
670 868 870 913 solemni
904 868 1050 930 jurari
1074 877 1315 913 consueta.

407 943 497 988 Sed
533 943 762 1005 quidquid
782 945 981 990 exterius
999 944 1284 1006 jactitarent,
1305 942 1455 1000 aliud,
1480 959 1581 1004 quo
1606 942 1750 1002 magis

348 1019 394 1063 in
433 1020 532 1081 ejus
580 1020 746 1065 odium
790 1020 1178 1079 exardescebant,
1224 1019 1399 1065 latebat
1436 1018 1522 1063 sub
1564 1028 1750 1081 pectore

310 1148 324 1158 ι,
347 1095 575 1141 clausum.
620 1098 737 1141 Nam
779 1113 913 1155 cum,
959 1097 1026 1141 uti
1059 1095 1245 1142 aiebant
1268 1096 1346 1157 qui
1387 1111 1540 1140 mores
1579 1094 1750 1139 civium

346 1172 708 1233 Trajectensium
734 1171 794 1218 ab
837 1172 1040 1233 antiquis
1078 1171 1368 1236 temporibus
1409 1171 1672 1235 exploratos
1707 1179 1752 1215 et

347 1250 529 1310 agnitos
569 1248 819 1309 haberent,
858 1249 968 1312 ipsi,
1006 1249 1168 1295 saltem
1198 1249 1347 1310 major
1378 1265 1483 1312 pars
1515 1249 1747 1311 ipsorum,

348 1325 473 1369 velut
504 1325 725 1389 praecipui
769 1334 983 1370 auctores
1013 1341 1067 1370 ac
1096 1325 1449 1388 pertinacissimi
1486 1323 1752 1369 defensores

348 1417 531 1464 semper
558 1402 745 1446 suerunt
775 1401 1120 1447 Hoeckemfflm
1150 1401 1361 1447 factionis
1396 1402 1444 1445 in
1477 1400 1607 1446 omni
1631 1399 1752 1444 circa

349 1477 603 1537 regione²:
646 1493 789 1538 quam
831 1477 941 1538 quia
976 1477 1331 1539 quodammodo
1368 1477 1660 1540 depressisse,
1708 1485 1753 1520 et

349 1554 706 1600 Cabeliavenses
731 1554 945 1599 extulisse
970 1555 1017 1599 in
1059 1554 1308 1600 Hollandia
1328 1553 1603 1615 Burgundia·
1620 1556 1750 1617 prin—

349 1631 474 1693 cipes
508 1630 748 1693 Philippus
776 1640 822 1676 et
847 1630 1041 1676 Carolus
1076 1630 1358 1689 terebantur,
1389 1630 1609 1676 adversus
1645 1647 1746 1686 eos,

349 1716 393 1751 et
436 1717 780 1769 consequenter
827 1725 962 1752 suum
995 1707 1267 1770 pontificem
1298 1717 1343 1752 et
1379 1716 1525 1752 totam
1556 1706 1752 1752 domum

355 1783 652 1846 Burgundiae,
693 1784 854 1829 odium
890 1794 1020 1829 vetus
1063 1794 1161 1829 tum
1207 1785 1565 1846 conceperant³3
1616 1784 1751 1828 simul

350 1861 489 1906 etiam
508 1861 734 1923 quoniam
764 1878 929 1906 eorum
952 1863 1160 1925 potentia
1183 1878 1366 1924 semper
1404 1877 1484 1906 eos
1508 1860 1594 1906 sub
1626 1870 1751 1906 metu

351 1948 395 1983 et
418 1948 592 1983 terrore
632 1939 943 1984 continuerat.
985 1941 1151 1984 Vetere
1175 1939 1299 1983 enim
1324 1937 1593 2001 proverbio,
1636 1954 1753 1999 quos

355 2015 438 2077 ipsi
481 2015 774 2075 metuissent,
823 2031 1115 2076 consequens
1158 2015 1240 2059 suit
1277 2014 1406 2075 quod
1450 2025 1495 2060 et
1536 2014 1746 2059 oderint:

357 2111 376 2133 ι(
409 2092 561 2145 Quem
589 2091 714 2136 enim
740 2100 976 2150 metuunt,
1019 2090 1249 2147 oderunt,
1279 2109 1298 2133 »
1332 2091 1483 2152 inquit
1506 2091 1745 2135 comicus&

407 2297 443 2332 1.
476 2293 573 2342 Voy.
596 2293 796 2337 ci-dessus‚
819 2307 857 2343 p.
882 2294 946 2337 81,
969 2302 1057 2329 noto
1078 2296 1112 2329 1.

404 2359 441 2393 2.
477 2357 649 2403 Origine,
670 2355 762 2392 dans
783 2355 816 2391 le
836 2355 1052 2391 manuscrit.
1077 2356 1144 2391 Ces
1164 2362 1295 2402 quatre
1316 2363 1411 2389 mots
1431 2364 1633 2404 manquent
1657 2355 1749 2392 dans

352 2417 558 2456 Matthaeus.

405 2484 440 2516 3.
474 2478 668 2515 Matthaeus
687 2478 749 2514 fait
777 2490 995 2526 remarquer
1014 2490 1087 2525 quc
1108 2476 1268 2512 Thomas
1294 2478 1400 2514 Rasin
1426 2478 1552 2515 donne
1579 2492 1653 2515 une
1676 2479 1749 2515 im—

352 2551 530 2591 portunes·
553 2540 735 2589 cxagcrce
760 2552 807 2575 au
828 2539 913 2575 vicil
946 2538 1059 2588 esprit
1093 2537 1138 2573 (le
1167 2539 1285 2587 parti,
1320 2538 1434 2588 qu'on
1464 2540 1517 2575 sut
1550 2538 1675 2591 oblige
1705 2541 1751 2576 de

352 2612 482 2639 mettre
502 2616 547 2639 en
569 2610 681 2639 avant
701 2601 792 2638 dans
811 2610 907 2638 cette
931 2600 1104 2637 occasion
1132 2614 1227 2649 pour
1255 2601 1385 2650 pallier
1406 2602 1458 2638 les
1481 2610 1570 2638 torts
1590 2602 1684 2638 reels
1704 2602 1750 2638 de

349 2667 521 2715 l’‹'=v‹‘·que
543 2663 751 2701 d’Utrccht.

403 2731 439 2764 4.
473 2726 692 2764 Matthaeus:
720 2727 851 2772 Castae,
884 2735 920 2762 ot
945 2739 990 2762 en
1023 2733 1138 2762 note:
1170 2742 1183 2755 «
1211 2725 1291 2762 Vid.
1327 2728 1480 2763 Sueton.
1508 2726 1545 2762 in
1574 2726 1747 2776 Calignl.,

349 2803 431 2839 cap.
457 2803 544 2826 xxx.
570 2806 586 2821 ιι
