1875 2956
665 204 810 240 LIBER
837 203 1032 238 PRIMUS.
1473 203 1547 237 289

160 296 381 346 steterat),
424 299 660 335 commota
693 289 787 336 bile
827 290 1105 350 choleraque
1141 286 1441 331 vehementer
1472 304 1546 332 ac-

160 379 322 421 censa,
354 363 477 410 illico
502 366 718 411 nuntium
741 376 786 411 et
819 365 1060 428 epistolam
1093 362 1338 409 destinavit
1359 361 1419 407 ad
1443 378 1548 407 can-

159 440 395 485 cellarium
409 458 560 501 suum,
580 459 661 505 per
673 458 813 503 quam
825 459 932 487 eum
945 441 1262 487 vehementius
1271 456 1545 500 coarguens,

161 517 356 576 graviter
373 518 643 581 increpabat
662 535 744 563 cur
769 535 854 564 nos
869 518 1066 563 Turonis
1089 533 1246 563 secum
1265 515 1547 572 adduxisset,

160 602 205 637 et
228 610 323 638 non
349 595 503 656 potius
525 611 577 639 ex
609 595 833 651 Biturica,
875 592 1278 654 quemadmodum
1315 609 1362 637 se
1398 590 1550 636 eidem

161 669 407 731 imperasse
439 670 623 729 aiebat,
655 687 740 715 nos
772 670 1074 733 expedivisset
1096 679 1142 714 et
1164 669 1223 714 ad
1256 668 1552 731 proficiscen-

161 746 275 791 dum
317 747 612 809 compulisset
648 764 656 790 :
690 746 919 792 mandans
955 747 996 792 ei
1038 746 1286 791 districtius
1326 755 1555 808 quatenus

162 821 322 879 nobis,
356 822 533 884 absque
558 823 775 868 ulteriore
799 823 1043 881 dilatione,
1071 832 1354 885 praeceptum
1387 823 1557 868 faceret

162 908 212 942 ut
241 898 363 943 illico
388 899 446 945 ad
469 899 751 944 destinatum
776 898 912 944 nobis
939 899 1066 962 apud
1090 900 1425 962 Perpinianum
1447 899 1559 944 exsi-

162 977 275 1022 lium
299 993 622 1040 pergeremus,
651 985 787 1038 atque
818 976 922 1035 illo,
952 985 1131 1038 quanto
1155 976 1381 1022 maturius
1404 990 1560 1037 posse-

165 1071 267 1099 mus
281 1091 291 1112 ,
322 1053 635 1099 tenderemus.

229 1132 382 1184 Quam
414 1130 657 1192 epistolam
687 1147 795 1175 cum
823 1147 953 1193 paene
988 1146 1043 1176 ea
1074 1130 1218 1190 hora,
1248 1146 1341 1191 qua
1364 1129 1562 1174 Turonis

163 1207 559 1269 applicueramus,
584 1207 884 1252 cancellarius
902 1208 998 1270 ipse
1024 1208 1284 1270 recepisset,
1312 1216 1356 1251 et
1379 1206 1533 1251 statim
1549 1242 1560 1264 ,

163 1283 229 1327 uti
252 1299 336 1345 par
353 1292 466 1342 erat,
491 1293 739 1346 postquam
760 1283 817 1328 de
841 1284 968 1329 mula
989 1283 1398 1341 descenderamus,
1421 1284 1564 1345 ipsius

164 1362 394 1408 salutandi
424 1363 569 1423 gratia
591 1362 789 1408 domum
814 1363 911 1424 ejus
933 1364 1249 1421 intrassemus,
1276 1362 1415 1407 nobis
1438 1361 1566 1406 exhi-

162 1437 265 1482 buit
287 1448 331 1483 et
355 1438 581 1497 ostendit,
617 1439 826 1501 profecto
853 1456 899 1484 se
924 1455 950 1484 a
972 1439 1190 1500 lacrymis
1222 1438 1415 1482 minime
1451 1454 1566 1482 con-

163 1517 308 1560 tinere
331 1516 506 1572 valens,
531 1532 646 1577 quas
664 1532 715 1560 ex
736 1516 834 1577 ejus
851 1516 998 1560 oculis
1014 1515 1219 1561 defluere
1240 1516 1327 1578 ipsi
1342 1514 1562 1560 vidimus.

162 1591 343 1637 Sciebat
382 1592 507 1636 enim
546 1601 591 1636 et
616 1592 745 1652 longi
777 1592 999 1654 temporis
1030 1592 1316 1654 experientia
1341 1590 1569 1636 didicerat

163 1684 304 1729 quam
322 1669 553 1714 sincerum
572 1668 723 1713 zelum
746 1669 807 1715 ad
828 1685 926 1714 rem
941 1668 1179 1731 publicam
1204 1678 1247 1714 et
1266 1669 1449 1730 justitize
1473 1667 1568 1712 cul-

164 1754 262 1789 tum
300 1744 606 1801 haberemus3
640 1745 771 1806 cujus
806 1761 894 1789 nec
927 1755 1197 1789 nostrorum
1231 1753 1424 1807 perante
1452 1760 1567 1806 qua-

164 1819 483 1882 liumcumque
515 1821 563 1864 in
598 1837 696 1866 rem
731 1820 968 1883 publicam
1006 1822 1304 1877 meritorum,
1352 1837 1438 1866 nec
1481 1821 1569 1865 vir-

166 1897 273 1941 tutis
304 1913 384 1942 seu
411 1897 648 1958 dignitatis
672 1906 934 1960 respectum
964 1897 1200 1943 observari
1231 1886 1443 1954 videbat,
1486 1896 1567 1942 sed

166 1989 252 2018 nec
276 1973 612 2035 promissarum
630 1974 677 2018 in
699 1974 794 2019 vim
814 1974 978 2035 regalis
997 1973 1135 2018 edicti
1161 1974 1460 2018 securitatum
1483 1989 1567 2035 pu-

165 2049 441 2095 blicatarum
469 2049 613 2095 fidem
639 2050 834 2096 attendi.
870 2052 1017 2095 Porro
1053 2067 1162 2095 cum
1188 2051 1337 2113 ipsam
1369 2050 1565 2113 praedic-

166 2136 260 2172 tam
287 2127 405 2187 regis
428 2127 673 2189 epistolam
699 2127 854 2172 furore
890 2127 1049 2189 utique
1084 2137 1129 2172 et
1161 2126 1349 2172 cholera
1373 2127 1563 2189 plenam

166 2201 455 2263 legissemus,
488 2202 803 2264 eumdemque
833 2203 1066 2265 optimum
1095 2203 1425 2249 cancellarium
1460 2203 1564 2248 scis-

167 2279 412 2325 citaremur
442 2280 478 2325 si
505 2296 562 2324 ne
590 2279 746 2325 adhuc
775 2280 1067 2343 interpellare
1099 2296 1255 2341 regem
1288 2274 1564 2325 deberemus

167 2373 252 2418 pro
277 2357 602 2403 constituenda
628 2357 764 2403 nobis
779 2395 790 2417 ,
823 2357 1227 2419 quemadmodum
1260 2358 1407 2403 fuerat
1432 2356 1565 2420 polli-

169 2432 306 2492 citus,
332 2434 583 2496 pensione,
611 2435 808 2479 omnino
843 2434 890 2479 id
921 2450 1008 2479 nos
1042 2434 1190 2480 facere
1222 2434 1462 2491 dissuasit,
1496 2433 1564 2477 in-

171 2509 348 2569 quiens,
373 2511 408 2554 si
423 2511 541 2556 ultra
557 2511 788 2574 proficisci
802 2510 1110 2570 differremus,
1132 2528 1358 2573 magnum
1371 2509 1563 2555 exitium

171 2584 490 2644 verisimiliter,
527 2595 701 2632 attenta
725 2587 929 2649 epistolae
957 2588 1090 2648 regiae
1113 2588 1385 2644 acerbitate,
1426 2583 1562 2629 nobis

171 2675 304 2721 posse
339 2660 616 2723 importare3
647 2663 902 2708 consultius
925 2680 1036 2709 vero
1070 2663 1193 2721 fore,
1223 2673 1268 2708 et
1302 2662 1431 2725 quod
1473 2661 1572 2723 ipse

302 2750 347 2772 111
1305 2742 1352 2775 19
