1875 2956
280 219 352 253 138
639 221 975 256 fflSTomARUM
1001 221 1233 258 LUDOVICI
1257 224 1312 258 XI

277 322 421 368 regno
445 307 717 354 deturbatos
751 307 912 366 fuisse,
942 324 1050 353 cum
1080 307 1337 354 referantur
1358 327 1505 373 usque
1533 312 1593 358 ad
1612 313 1676 358 vi-

277 383 391 444 ginti
427 384 571 442 duos,
613 384 786 430 talibus
831 384 1113 430 factionibus
1142 394 1188 430 et
1220 384 1397 431 obortis
1430 398 1592 434 contra
1628 405 1675 434 se

277 461 567 524 perfidorum
602 461 936 520 simultatibus,
979 462 1117 507 fuisse
1151 461 1344 507 occisos.
1385 464 1524 518 Quod
1558 467 1592 510 si
1627 466 1674 510 in

277 540 484 601 regibus,
512 549 557 584 et
576 541 656 601 qui
681 540 863 602 imperii
887 540 1072 584 culmen
1099 539 1196 599 jam
1220 538 1463 598 tenebant,
1490 541 1537 585 id
1556 542 1674 588 effici

277 618 448 679 potuit,
475 617 622 663 multo
649 618 827 664 facilius
850 618 896 662 in
920 618 993 663 his
1024 616 1370 680 impuberibus,
1399 617 1480 679 qui
1503 619 1675 664 nedum

275 693 533 755 quidquam
569 695 752 758 imperii
782 710 868 739 nec
896 710 1047 740 annos
1075 694 1369 739 discretionis
1402 694 1673 755 attigerunt,

275 768 322 813 id
351 768 532 814 admitti
559 787 694 833 posse
719 770 985 834 putandum
1011 780 1103 827 est3
1130 770 1301 832 quibus
1334 770 1462 816 nulla
1488 786 1676 833 prorsus

274 854 342 890 est
381 845 656 893 obluctandi
697 864 776 893 seu
816 847 1057 893 resistendi
1101 847 1308 893 facultas.
1346 849 1511 892 Vetere
1551 849 1674 894 enim

274 919 557 982 proverbio:
584 941 605 962 «
634 923 844 982 Regnum
869 937 966 967 non
993 922 1117 984 capit
1137 921 1273 979 duos,
1301 930 1346 966 et
1373 920 1502 966 nulla
1521 931 1676 968 sancta

274 1005 342 1041 est
366 997 496 1058 regni
516 997 710 1043 societas
730 1014 882 1059 neque
906 997 1043 1054 fides;
1067 1018 1088 1039 2>
1111 1008 1155 1042 et
1175 999 1310 1056 item,
1337 1016 1358 1040 «
1382 1013 1478 1042 non
1496 998 1678 1060 patiun-

276 1082 350 1117 tur
372 1075 552 1119 socium
571 1090 767 1135 regnum
784 1084 827 1119 et
850 1074 995 1119 taedae.
1009 1095 1028 1115 »
1060 1074 1192 1119 Unde
1218 1074 1358 1119 etiam
1372 1073 1676 1137 postmodum

274 1165 362 1211 pro
390 1167 502 1197 vero
538 1161 583 1196 et
618 1151 887 1197 indubitato
924 1151 1166 1212 cognitum
1197 1161 1289 1209 est,
1319 1150 1450 1212 quod
1483 1149 1543 1195 ab
1575 1151 1675 1213 ipso

274 1225 421 1288 impio
444 1227 677 1289 parricida
701 1227 788 1290 ipsi
807 1227 939 1290 pueri
956 1227 1066 1288 regii
1086 1263 1097 1285 ,
1121 1236 1314 1289 nepotes
1334 1226 1429 1285 sui,
1449 1241 1530 1270 seu
1548 1225 1675 1287 jussu

275 1303 419 1364 ipsius
443 1305 673 1367 perempti
695 1304 1003 1366 exstinctique
1023 1304 1212 1349 fuerunt
1228 1306 1254 1346 ¹.

343 1379 494 1425 Rebus
517 1381 655 1441 igitur
683 1382 746 1426 ita
771 1382 818 1426 in
857 1381 1015 1441 Anglia
1050 1379 1457 1443 procurrentibus,
1486 1379 1579 1425 illic
1605 1381 1677 1425 Ri-

275 1455 442 1514 cardo‚
487 1457 632 1502 modo
674 1474 816 1519 quem
848 1457 1166 1515 narravimus,
1204 1472 1398 1517 regnum
1438 1466 1673 1515 assecuto,

275 1532 496 1579 manebat
519 1533 782 1579 Ludovicus
818 1537 1105 1579 Francorum
1130 1549 1203 1578 rex
1232 1549 1340 1578 cum
1369 1532 1675 1578 illustrissimo

275 1610 591 1655 Maximiliano
615 1619 659 1654 et
682 1611 815 1655 terris
837 1610 930 1655 suis
965 1610 1010 1654 in
1036 1625 1166 1672 paee.

338 1687 649 1748 Trajectenses
688 1703 822 1746 vero,
874 1702 955 1750 spe
993 1702 1136 1750 quam
1181 1686 1226 1730 in
1278 1686 1376 1746 ejus
1416 1685 1680 1731 habuerant

275 1763 446 1808 auxilio
482 1763 712 1822 destituti,
744 1763 994 1809 trahebant
1019 1763 1238 1808 miseram
1267 1762 1411 1807 vitam
1430 1763 1494 1806 ¹in
1532 1762 1679 1807 multa

275 1840 472 1903 penuria
499 1850 544 1885 et
573 1841 755 1886 caristia
778 1840 1049 1885 victualium
1068 1875 1077 1896 ‚
1102 1848 1265 1902 utpote
1285 1838 1344 1884 ab
1364 1838 1579 1884 hostibus
1595 1839 1680 1884 cir-

275 1933 573 1979 cumquaque
603 1906 801 1974 obsessi,
830 1934 927 1963 uno
959 1927 1116 1962 tamen
1151 1915 1325 1977 angulo
1357 1915 1518 1960 relicto
1551 1915 1677 1961 unde

275 1993 335 2038 ad
358 2010 464 2049 eos,
492 2010 578 2039 nec
603 1995 701 2039 sine
718 2010 888 2054 magna
906 1995 1107 2039 militum
1129 2004 1173 2038 et
1196 2003 1484 2039 armatorum
1505 1993 1675 2037 civium

276 2072 596 2131 multitudine,
635 2088 827 2118 annona
866 2072 1034 2118 advehi
1069 2081 1241 2134 posset.
1285 2070 1351 2116 Ad
1389 2069 1517 2131 quod
1559 2085 1678 2132 opus

276 2166 394 2212 saepe
421 2150 574 2194 miseri
600 2150 748 2209 cives,
777 2149 993 2211 quotiens
1024 2149 1233 2210 tyrannis
1255 2147 1348 2192 suis
1368 2146 1674 2202 collibuisset,

276 2225 362 2271 snb
402 2227 505 2271 vitm
539 2226 770 2288 periculo,
813 2226 938 2270 velut
976 2225 1085 2271 vilia
1119 2225 1330 2285 jumenta
1371 2223 1441 2268 vel
1478 2239 1674 2285 pecora,

276 2304 399 2349 exire
431 2303 737 2365 cogebantur.
770 2305 801 2346 A
840 2302 1011 2365 quibus
1043 2318 1150 2346 cum
1189 2309 1485 2362 compertum
1523 2299 1675 2345 suisset

276 2380 578 2444 quamplures
610 2396 664 2424 ex
698 2380 785 2435 eis,
816 2380 893 2440 qui
922 2379 988 2423 sic
1015 2376 1229 2433 exibant,
1256 2376 1449 2422 minime
1478 2376 1539 2421 ad
1565 2377 1694 2435 civi·⁸

329 2519 366 2553 1.
400 2518 503 2553 Cette
526 2515 663 2565 phrase
688 2523 742 2551 est
769 2526 843 2551 une
864 2514 1029 2552 addition
1051 2514 1297 2564 postcrieure,
1319 2513 1479 2562 pirisque
1494 2541 1502 2557 ‚
1526 2512 1619 2549 dans
1646 2513 1679 2550 le

277 2577 512 2630 paragrapho
547 2577 747 2627 precedent
765 2606 774 2619 ‚
808 2577 967 2613 [auteur
994 2590 1015 2613 a
1047 2576 1096 2613 dit
1126 2576 1242 2625 qu'on
1268 2588 1316 2610 ne
1342 2574 1456 2610 sax-aii
1484 2587 1550 2624 pas
1578 2575 1604 2610 si
1628 2575 1679 2610 les

277 2643 424 2679 ensants
453 2635 666 2676 ‹l'ffiouard
695 2640 854 2675 vix-aient
879 2652 1028 2676 encore.
1057 2642 1106 2675 Le
1122 2638 1210 2684 jour
1231 2646 1264 2673 ct
1284 2637 1319 2673 la
1339 2637 1505 2673 inaniore
1526 2637 1617 2673 dont
1636 2637 1678 2672 ils

278 2704 440 2753 perirent
462 2710 546 2738 sont
565 2702 753 2738 (l'ailleurs
777 2710 892 2737 restes
912 2715 960 2737 un
984 2701 1145 2749 niystere
1162 2697 1447 2749 impenetrable.
