1875 2956
289 212 360 247 196
649 209 980 245 HlS'sofflARUM
1014 209 1245 245 LL‘nothxt
1275 211 1326 244 xl

284 299 496 360 quentia,
526 309 569 343 et
596 299 656 341 rci
688 297 862 341 bellicae
887 296 1050 359 peritia
1079 311 1185 338 cum
1219 295 1391 354 ingenti
1415 296 1556 340 animi
1584 310 1678 339 ma-

283 375 523 435 gnitudine
538 384 676 435 atque
695 373 906 418 audacia.
928 372 1030 415 Fuit
1047 370 1188 428 enim,
1210 379 1261 414 ut
1273 371 1508 417 Sallustius
1525 372 1678 429 refert,

282 451 508 498 facundus
531 461 576 496 et
599 449 792 495 callidus
809 486 820 507 ,
848 449 983 510 eique
1018 447 1214 493 altitudo
1246 447 1527 494 incredibilis
1557 451 1682 510 inge-

281 530 342 573 nii
369 547 377 572 z
409 545 509 591 qua·
533 527 724 589 quidem
750 526 930 587 magnis
954 524 1197 587 praeconiis
1219 523 1483 569 extollenda
1506 525 1679 584 forent,

278 606 341 663 si,
370 605 491 650 civili
515 604 710 648 victoria
736 603 989 647 clementer
1016 618 1153 659 usus,
1189 617 1285 644 non
1311 600 1451 645 etiam
1483 617 1610 648 arma
1636 603 1681 647 in

279 681 343 725 rei
368 679 567 743 publica*
594 680 851 742 perl‘liciem
887 689 931 723 et
971 678 1145 723 civium
1171 676 1447 737 sanguinem
1486 677 1682 724 nimium

277 757 531 802 crudeliter
552 757 870 802 convertisset.

342 834 636 895 Dionysium,
663 834 957 878 Siculorum¹
983 832 1179 877 alterum
1203 841 1473 893 tyrannum,
1493 830 1685 892 legimus

273 908 412 952 etiam
438 906 630 951 doctum
647 916 691 952 et
712 907 962 951 litteratum
990 905 1125 950 fuisse
1154 922 1162 948 ε
1192 904 1318 949 unde
1345 903 1518 964 ejectus
1541 920 1684 965 regno

273 993 435 1047 postea
455 1018 467 1040 ,
513 983 639 1046 apud
680 982 962 1028 Corinthum
1011 981 1226 1026 exsulans
1249 1017 1260 1038 ‚
1300 996 1472 1043 pueros
1515 980 1686 1027 litteras

272 1060 450 1106 docuit.

339 1140 477 1196 Nero,
508 1139 744 1181 Romanus
777 1136 1050 1198 imperator,
1084 1135 1165 1197 qui
1192 1134 1413 1196 singulari
1440 1133 1685 1195 tyrannide

271 1224 315 1259 et
339 1213 612 1258 crudelitate
647 1212 893 1272 insignitus
917 1211 1134 1268 habetur,
1169 1212 1324 1256 multae
1354 1210 1619 1256 litteraturae
1642 1221 1686 1255 et

271 1290 549 1353 eloquentiae
575 1289 683 1347 fuit,
705 1298 755 1333 ut
771 1288 1066 1349 Tranquillus
1090 1288 1252 1346 refert,
1279 1287 1620 1350 tragoediasque
1643 1298 1687 1333 et

273 1368 529 1414 comoedias
569 1383 712 1428 graece
747 1377 792 1412 et
839 1366 980 1411 latine
1015 1366 1221 1412 condere
1258 1375 1398 1428 atque
1438 1365 1687 1411 decantare

273 1446 434 1501 scivit3
463 1445 524 1489 ita
551 1453 600 1488 nt
621 1443 924 1488 histrionatus
948 1453 992 1488 et
1016 1444 1214 1488 mimicae
1233 1443 1343 1488 artis
1365 1442 1686 1488 excellentiam

273 1521 359 1567 sibi
395 1538 482 1584 pro
516 1520 719 1565 maxima
751 1530 988 1579 arrogaret
1019 1520 1187 1581 gloria,
1217 1529 1506 1580 certat-etque
1540 1519 1585 1563 in
1616 1519 1687 1564 his

274 1598 451 1644 artibus
473 1614 556 1660 per
580 1596 718 1641 urbes
747 1607 789 1640 et
820 1596 1001 1641 theatra
1026 1596 1248 1641 excellere
1274 1595 1448 1659 [snpra]
1472 1606 1681 1641 cunctos.

343 1678 396 1719 Et
420 1675 481 1718 ita
502 1674 549 1717 in
576 1672 797 1717 omnibus
821 1673 963 1717 ferme
985 1688 1102 1734 quos
1126 1672 1328 1717 famosos
1346 1689 1429 1717 sua
1451 1673 1660 1733 tyrannis
1678 1674 1690 1694 ²

276 1750 493 1808 reddidit,
523 1751 614 1794 est³
637 1749 813 1809 aliquid
838 1750 1064 1806 invenire,
1095 1749 1220 1793 unde
1240 1750 1407 1794 merito
1435 1749 1585 1793 laudis
1610 1749 1687 1794 ali-

275 1827 389 1890 quid
417 1825 720 1871 tribuendum
747 1835 866 1884 erat,
902 1826 939 1871 si
963 1842 1060 1871 non
1092 1826 1208 1870 illud
1230 1842 1420 1871 suarum
1445 1825 1690 1871 crudelita-

276 1915 375 1949 tum
397 1903 662 1948 immanitas
684 1901 991 1947 obscurasset.

345 1984 393 2024 ln
418 1980 510 2024 hoc
534 1995 642 2024 vero
664 1977 922 2037 Ludoxico,
952 1995 1060 2023 cum
1078 1978 1159 2023 diu
1179 1979 1471 2041 multumque
1487 1978 1690 2024 laboras-

279 2069 433 2098 semus
459 2063 508 2097 ut
530 2052 710 2113 aliquid
732 2052 859 2097 laudi
886 2053 1051 2097 merito
1083 2062 1217 2111 esset,
1246 2051 1360 2097 nihil
1382 2068 1574 2115 prorsus
1598 2052 1687 2097 tale

282 2129 417 2175 nobis
453 2145 698 2174 occurrere
733 2129 899 2191 potuit.
944 2132 1059 2173 Nam
1093 2129 1318 2174 litteratus
1356 2128 1548 2173 minime
1573 2128 1683 2186 suit,

280 2206 360 2252 sed
386 2206 540 2251 minus
563 2206 815 2266 eloquens;
847 2206 962 2249 nihil
986 2206 1159 2267 quippe
1188 2205 1384 2249 omnino
1408 2204 1686 2266 eloquentia:

279 2282 470 2339 habuit,
500 2298 557 2326 ne
589 2282 634 2326 in
670 2281 843 2341 vulgari
871 2281 1061 2343 quidem
1087 2298 1320 2326 sermone.
1356 2282 1539 2326 Nullam
1574 2298 1685 2326 xero

280 2358 513 2403 bellorum
532 2356 744 2418 peritiam
766 2357 835 2400 xe]
857 2356 1000 2401 animi
1026 2356 1395 2416 magnitudinem
1415 2356 1618 2401 ostendit
1640 2372 1686 2400 se

282 2433 471 2480 habere.
503 2436 604 2477 Non
641 2432 797 2477 dilexit
828 2432 1059 2494 principes
1089 2433 1325 2491 sanguinis
1360 2442 1398 2476 et
1438 2433 1563 2493 regni
1590 2433 1682 2489 sui,

339 2570 372 2604 l.
406 2569 475 2603 Ms.
499 2561 749 2602 .x·c'‹·lo.¹1(¹0ruin.

333 2631 370 2664 ΞΖ.
405 2631 473 2665 Ms.
496 2642 582 2663 suus
601 2639 790 2676 (waliam.

338 2692 373 2727 23.
407 2692 475 2725 Ms.
500 2700 548 2725 es.
