1875 2956
252 263 326 298 250
802 258 1050 295 APOLOGIA
1061 285 1070 301 ‚

251 359 344 394 tam
383 348 601 394 decenter
639 347 856 404 amictos,
891 355 986 391 tam
1021 345 1171 391 claros
1208 355 1254 390 et
1288 346 1455 393 hilares
1495 348 1648 393 vultus

249 438 388 491 atque
413 429 540 473 la‘tos
574 425 884 490 praetendere,
914 434 988 482 ut,
1017 424 1182 487 procul
1208 423 1377 484 dubio,
1415 434 1648 472 utrorum-

248 525 341 571 que
377 507 664 571 populorum
697 514 793 550 tam
829 514 988 567 aperta
1021 514 1066 550 et
1099 512 1350 566 conspecta
1387 505 1645 564 diversitas,

251 602 347 630 non
373 583 499 630 aliud
529 599 672 646 quam
703 580 1015 626 differentiam
1040 580 1325 626 conditionis
1346 579 1600 628 liberorum
1622 599 1649 629 a

246 661 414 725 pressis
439 659 540 705 dira
561 659 779 705 servitute
804 667 1035 704 ostentare
1054 657 1284 703 videatur.

311 742 442 783 Hanc
466 738 709 801 utriusque
734 746 865 782 terrm
901 746 944 781 et
978 736 1141 799 populi
1173 735 1468 780 differentem
1486 737 1650 783 condi-

245 816 425 860 tionem
460 824 723 877 statumquc
759 823 1026 877 compertos
1058 823 1103 858 et
1141 821 1370 876 spectatos
1405 828 1453 857 se
1477 811 1650 860 habere

245 891 455 949 dicebat,
491 902 536 937 et
566 892 655 938 alia
685 892 821 955 plura
851 891 899 935 in
932 890 1147 936 eamdem
1171 889 1475 947 sententiam,
1506 891 1650 936 extol-

244 970 386 1015 lendo
421 969 555 1015 valde
596 986 697 1032 quae
728 970 776 1014 in
812 968 973 1014 alienis
1008 967 1225 1024 vidisset3
1267 983 1406 1029 super
1437 966 1511 1012 his
1538 983 1649 1014 vero

243 1046 585 1093 calamitatibus
608 1062 724 1108 quas
747 1046 795 1090 in
820 1060 964 1106 regno
989 1044 1210 1107 reperiret
1232 1053 1277 1088 et
1298 1044 1429 1089 terris
1452 1060 1649 1105 quarum

243 1123 425 1184 genitor
461 1139 571 1168 suus
609 1122 984 1167 moderationem
1019 1130 1159 1183 atque
1200 1121 1650 1168 administrationem

243 1200 475 1261 gessisset,
500 1210 551 1246 ut
576 1200 723 1246 videri
745 1210 950 1263 poterat,
990 1199 1325 1245 commiserans
1357 1210 1496 1262 atque
1519 1200 1650 1263 *inge-

242 1278 459 1337 miscenS,
483 1293 530 1323 se
549 1277 852 1322 vehementer
874 1277 1079 1340 compati
1103 1275 1390 1339 pauperibus
1406 1276 1651 1337 regnicolis

242 1363 287 1398 et
309 1353 366 1398 de
389 1369 554 1398 eorum
575 1353 816 1417 pauperie,
843 1352 1063 1398 aerumnis
1085 1361 1131 1397 et
1155 1351 1291 1397 variis
1311 1351 1651 1398 calamitatibus

242 1430 475 1475 visceroso
495 1440 540 1476 et
564 1439 663 1475 toto
688 1431 849 1476 animo
874 1429 1130 1476 condolere
1156 1428 1333 1488 aiebat,
1362 1427 1513 1490 deque
1534 1429 1651 1474 nihil

243 1516 339 1552 tam
375 1506 617 1565 affectare,
657 1522 800 1567 quam
832 1516 884 1551 ut
910 1505 968 1551 de
991 1515 1123 1551 tanto
1147 1521 1226 1550 eos
1250 1505 1542 1550 miseriarum
1574 1522 1650 1551 cu-

243 1583 371 1628 mulo
396 1592 552 1646 posset
584 1581 788 1628 relevare
813 1591 859 1627 et
883 1581 1044 1627 onmia
1078 1581 1126 1625 iu
1160 1579 1372 1626 debitum
1403 1591 1543 1643 atque
1565 1581 1648 1627 de-

241 1670 425 1705 centem
454 1669 648 1718 statum,
683 1660 731 1703 in
767 1674 862 1721 quo
888 1658 1001 1703 olim
1032 1674 1230 1718 regnum
1265 1657 1454 1702 feliciter
1488 1658 1649 1720 priscis

241 1736 328 1781 illis
366 1735 565 1780 florebat
607 1735 925 1798 temporibus,
974 1735 1247 1779 instaurare.
1288 1736 1432 1795 Atque
1468 1734 1646 1779 utinam

240 1813 408 1858 effectu
431 1822 477 1857 et
500 1828 640 1875 opere
664 1812 727 1856 ita
760 1827 865 1856 eam
887 1810 1014 1873 piam
1047 1820 1093 1855 et
1116 1819 1324 1855 sanctam
1353 1809 1647 1855 affectionem

240 1890 546 1949 exhibuisset,
585 1886 990 1952 quemadmodum
1016 1888 1207 1951 copiosa
1235 1888 1343 1934 satis
1363 1889 1574 1934 oratione
1604 1897 1647 1933 et

240 1967 393 2013 verbis
412 1967 600 2030 optimis
622 1966 797 2013 habere
822 1964 1087 2011 ostentabat
1108 1963 1116 2010 Ι

709 2178 1049 2224 CAPITULUM
1102 2179 1178 2222 111.

261 2313 451 2356 Quomodo
473 2313 654 2347 consilium
676 2327 694 2346 a
712 2313 814 2346 nobis
833 2312 909 2345 dari
926 2312 1067 2357 expetiit
1081 2339 1088 2352 ,
1110 2310 1291 2357 quomodo
1310 2320 1379 2344 tam
1397 2311 1490 2358 piam
1509 2311 1620 2345 inten-

508 2370 641 2403 tionem
665 2382 761 2402 suam
781 2368 825 2402 ad
843 2369 1006 2401 effectum
1027 2367 1219 2413 perducere
1237 2376 1362 2413 posset.

301 2493 483 2550 Quibus
519 2493 658 2538 etiam
694 2509 790 2538 non
824 2501 1101 2551 contentus,
1140 2508 1274 2551 cum,
1315 2492 1377 2536 uti
1413 2491 1638 2554 diximus,

238 2580 404 2616 nostrae
439 2571 649 2633 parvitati
690 2586 775 2633 pro
814 2579 973 2614 nostra
1015 2569 1343 2630 hujuscemodi
1378 2571 1642 2615 commoni-

237 2649 363 2693 tione
403 2647 570 2709 gratias
610 2647 836 2692 maximas
876 2663 922 2691 se
963 2645 1137 2691 habere
1173 2645 1387 2706 dixisset,
1425 2647 1640 2692 eamdem

235 2725 374 2771 etiam
398 2725 565 2770 iterum
590 2734 728 2785 atque
750 2725 916 2769 iterum
936 2722 1195 2784 rogandam
1215 2733 1355 2786 atque
1378 2724 1640 2786 imprecan-
