1875 2956
242 241 317 276 182
605 240 945 276 HISTORIARUM
973 241 1205 278 LUDOVICI
1233 243 1289 278 xl

243 326 535 371 narravimus
562 325 654 370 suis
690 324 831 383 lociS,
870 324 1061 370 cuilibet.
1085 325 1255 386 legenti
1285 328 1525 375 manifeste
1560 345 1643 393 ap·

242 413 389 466 paret.

308 487 442 529 Pater
456 499 582 541 suus⁷
598 482 742 527 felicis
758 481 1112 538 recordationis,
1124 480 1329 526 edictum
1343 496 1648 548 proposuerat

243 560 373 623 quod
408 558 574 603 milites
614 559 709 615 sui,
747 575 831 622 per
865 559 1015 604 xarias
1056 559 1278 603 stationes
1323 558 1372 603 in
1416 560 1647 624 plerisque

244 637 372 699 regni
402 635 653 699 provinciis
685 636 924 695 collocati⁷
955 636 1003 681 in
1035 634 1257 681 omnibus
1291 635 1566 683 criminibus
1604 649 1649 685 et

245 713 422 758 delictis
452 728 553 773 quae
596 713 643 757 in
682 713 992 775 provinciales
1021 712 1342 771 admitterent,
1377 713 1443 757 uti
1478 713 1650 774 justitia

245 789 409 849 exigit,
449 805 476 834 a
512 789 750 849 judicibus
796 790 1043 835 ordinariis
1080 790 1296 835 locorum
1335 805 1422 852 pro
1460 804 1649 836 casuum

245 867 474 927 exigentia
508 868 815 930 punirentur3
856 868 1065 913 similiter
1105 877 1151 913 et
1185 867 1243 912 de
1285 867 1504 928 negotiis⁷
1552 881 1652 929 quae

246 959 355 988 cum
376 944 551 989 eisdem
569 946 929 1002 contraxissent,
954 945 1183 990 haberent
1205 945 1363 990 sistere
1381 945 1474 1006 juri
1494 961 1652 991 coram

245 1020 349 1065 eis:
383 1020 512 1083 quod
550 1032 596 1066 et
634 1038 713 1067 rex
760 1023 843 1067 iste
889 1022 1154 1067 Ludovieus
1194 1022 1327 1068 initio
1370 1031 1478 1085 post
1522 1038 1653 1069 suam

247 1099 604 1143 coronationem
642 1098 851 1144 similiter
893 1099 1114 1144 edixerat.
1161 1101 1334 1143 Verum
1372 1115 1468 1143 non
1506 1099 1654 1145 multo

248 1184 353 1236 post
376 1174 527 1220 edicta
561 1175 720 1238 priora
753 1174 995 1237 abrogavit
1027 1185 1074 1220 et
1104 1176 1339 1220 contraria
1359 1174 1547 1238 publice
1573 1193 1656 1239 per

250 1267 445 1312 regnum
480 1253 685 1315 proponi
725 1253 857 1312 fecit,
903 1251 1075 1314 quibus
1107 1252 1400 1297 inhiberetur
1437 1252 1657 1298 omnibus

251 1327 498 1373 ordinariis
538 1328 799 1390 judicibus,
845 1345 905 1374 ne
946 1328 1005 1375 de
1045 1328 1320 1374 criminibus
1363 1338 1443 1374 aut
1481 1328 1658 1374 delictis

249 1420 439 1463 eorum,
470 1406 546 1466 qui
587 1407 650 1450 sic
684 1406 744 1452 ad
782 1423 864 1452 sua
899 1406 1131 1469 stipendia
1161 1406 1436 1463 militarent,
1471 1405 1658 1466 jurisdi—

250 1482 457 1526 ctionem
487 1493 805 1543 assumerent,
849 1483 929 1529 sed
958 1500 1043 1546 per
1077 1483 1332 1545 quemdam
1358 1484 1658 1546 pra¹positum

252 1559 633 1605 marescallorum
657 1570 702 1605 et
726 1560 1001 1605 commissos
1024 1559 1112 1605 sub
1140 1576 1196 1605 eo
1232 1570 1413 1605 tantum
1439 1577 1525 1623 pro
1549 1577 1659 1622 qua-

251 1650 454 1695 cumque
473 1650 612 1680 causa
631 1635 843 1697 distringi
864 1646 1068 1700 possent.
1098 1636 1265 1695 Quod⁷
1296 1637 1459 1699 procul
1483 1636 1654 1697 dubio,

253 1727 351 1756 non
394 1712 596 1756 multum
631 1711 819 1770 aberat,
861 1729 1004 1773 quam
1039 1714 1072 1757 si
1111 1714 1175 1757 eis
1206 1713 1437 1776 impunita
1472 1714 1659 1761 licentia

255 1788 433 1849 injuriis
477 1804 617 1850 quem
666 1790 839 1834 vellent
877 1789 1111 1835 afficiendi
1154 1806 1209 1835 ex
1242 1791 1483 1835 communi
1524 1791 1660 1854 plebe

253 1867 476 1929 permissa
508 1867 703 1912 fuisset¹.
735 1871 852 1913 Nam
883 1884 990 1913 cum
1012 1867 1122 1913 tales
1148 1868 1385 1913 commissi
1415 1884 1512 1913 non
1534 1869 1657 1915 aliud

255 1954 514 2006 quwrerent
553 1960 696 2005 quam
730 1945 918 1990 armatis
954 1955 999 1989 et
1036 1961 1202 1990 eorum
1238 1945 1491 2008 capitaneis
1531 1962 1660 1991 com-

254 2021 461 2083 placere,
485 2038 571 2066 nec
595 2023 693 2067 ausi
727 2022 911 2084 ipsimet
930 2021 1121 2067 fuissent
1147 2023 1396 2068 minimum
1415 2022 1474 2067 cle
1496 2022 1660 2083 liujus-

254 2097 438 2144 cemodi
462 2098 772 2160 stipendiariis
795 2098 1033 2143 offendere
1050 2099 1120 2144 vel
1135 2115 1367 2156 coercere,
1388 2114 1445 2143 ne
1460 2098 1659 2143 aliorum

256 2173 626 2234 indignationem
663 2185 707 2219 et
742 2175 1095 2238 capitaneorum
1120 2191 1312 2220 suorum
1344 2175 1655 2233 incurrerent,

256 2249 559 2296 remanebant
586 2252 782 2296 crimina
807 2251 1092 2312 frequentius
1117 2251 1359 2314 impunita.

320 2327 479 2383 Qualis
512 2344 623 2373 vero
649 2328 824 2389 justitia
857 2345 913 2373 ex
941 2329 1270 2373 commissione
1296 2344 1438 2389 quam
1468 2328 1659 2376 dederat

309 2481 344 2514 1.
373 2481 417 2515 Je
436 2477 509 2514 n’ai
531 2489 599 2528 pas
623 2477 801 2515 ren-oure
820 2477 1094 2514 l'ordonnance
1114 2479 1133 2513 31
1152 2477 1315 2526 laquelle
1342 2479 1503 2514 l'antcur
1528 2479 1593 2516 fait
1612 2479 1658 2516 ici

254 2540 429 2577 allusion.
463 2540 491 2575 11
519 2549 570 2575 est
599 2539 767 2576 douteux
788 2539 962 2575 toutefois
986 2539 1076 2588 qu‘il
1100 2539 1334 2588 l'interprtte
1353 2539 1466 2576 ‹l'une
1492 2541 1659 2577 inaniere

256 2602 462 2651 equitatio.
497 2604 551 2638 En
582 2610 811 2638 soumettant
839 2614 908 2638 son
929 2601 1054 2637 arnico
1083 2603 1103 2637 22
1124 2601 1159 2637 la
1179 2601 1401 2647 juridiction
1435 2602 1481 2638 (le
1511 2602 1656 2639 Tristan

256 2664 446 2700 Lliermite
474 2664 528 2709 (le
554 2663 688 2713 prevot
715 2663 780 2699 des
809 2662 1037 2699 marecliaux
1065 2676 1108 2699 en
1132 2664 1320 2712 question)
1354 2663 1418 2713 qui
1446 2664 1500 2700 sut
1524 2664 1558 2700 la
1584 2672 1660 2701 ter-

257 2739 343 2763 reur
378 2725 442 2761 (Ἴοκ-
481 2738 571 2775 «gens
605 2725 652 2762 de
689 2738 846 2776 guerre,
882 2725 907 2761 il
937 2733 993 2762 est
1032 2725 1116 2775 plus
1154 2724 1337 2775 probabis
1369 2737 1443 2775 que
1470 2725 1584 2762 Louis
1604 2726 1659 2761 XI
