1875 2956
306 248 352 282 36
663 247 692 280 H
700 245 998 280 ISTORIARUM
1028 245 1258 282 LUDOVICI
1288 247 1340 280 xl

371 332 628 390 Habuerat,
661 340 763 394 post
791 331 1185 393 expugnationem
1213 333 1374 394 oppidi
1399 332 1457 377 de
1484 332 1697 388 Avennis,

304 411 509 474 plurium
534 408 763 454 mensium
788 408 929 452 aestivi
950 407 1174 470 temporis
1194 408 1393 469 spatium
1411 446 1423 468 ,
1449 419 1699 471 antequam

303 489 666 544 Maximilianus,
697 486 818 530 filius
842 486 1164 548 imperatoris,
1191 484 1481 541 adventaret,
1511 486 1698 549 quibus,

304 566 433 611 nullo
447 579 577 628 piene
602 562 791 624 negotio
816 572 954 625 atque
976 562 1200 625 periculo.
1229 571 1379 606 totum
1397 561 1571 608 bellum
1593 580 1703 609 con-

304 642 439 687 ficere
462 650 507 685 et
537 640 697 685 omnia
728 639 913 684 illarum
947 649 1173 684 terrarum
1198 639 1506 699 insignissima
1529 640 1702 703 oppida

303 717 389 762 sibi
407 716 620 777 subigere
642 716 891 779 potuisset,
913 732 1021 761 cum
1046 715 1244 777 ubique,
1273 716 1339 760 uti
1361 714 1578 774 diximus,
1607 732 1702 761 non

303 795 561 841 defensioni
585 795 769 858 patriae,
808 811 904 839 non
937 793 1151 855 cogendo
1187 793 1406 839 exercitui
1433 793 1502 837 vel
1533 808 1702 856 paran-

302 871 372 916 dis
404 872 463 917 ad
497 870 804 916 resistendum
842 870 1206 916 necessariarum
1241 886 1395 914 rerum
1429 869 1702 914 munitioni-

301 947 405 1005 bus,
433 947 513 993 sed
541 948 650 993 solis
680 948 798 992 inter
821 964 866 992 se
893 947 1190 991 tumultuosis
1221 945 1529 991 seditionibus
1562 946 1706 991 inten-

304 1024 506 1069 deretur.
536 1023 625 1068 Sed
655 1024 811 1068 nescio
830 1039 923 1085 qua
949 1039 1089 1068 causa
1108 1039 1258 1085 quave
1282 1023 1486 1081 ratione,
1510 1022 1596 1067 nisi
1614 1021 1706 1067 hoc

301 1100 399 1145 sola
421 1099 505 1144 Dei
529 1099 778 1144 clementia
800 1108 939 1159 atque
961 1098 1259 1143 miseratione
1280 1097 1573 1160 providente,
1592 1107 1708 1143 tem-

303 1172 428 1235 poris
451 1171 538 1217 sibi
559 1173 760 1217 maxime
786 1170 1303 1235 opportunidecursum
1330 1172 1485 1217 sinens
1508 1172 1605 1234 ipse
1629 1187 1706 1216 rex

303 1245 535 1308 praeterire
552 1282 562 1301 ,
584 1244 856 1307 obtorpuit,
885 1244 1037 1289 donec
1063 1244 1187 1289 idem
1211 1245 1552 1290 Maximilianus
1571 1243 1709 1289 adve-

304 1324 445 1377 niret,
471 1331 511 1367 et
527 1327 625 1385 Jam
643 1337 774 1384 paene
794 1321 1037 1367 transactis
1061 1321 1226 1366 aestivis
1245 1320 1501 1379 mensibus,
1525 1320 1708 1366 hiberni

302 1399 526 1462 temporis
551 1398 761 1443 conditio
787 1397 1069 1459 agendiquzr
1087 1407 1279 1460 perante
1303 1398 1435 1444 facile
1457 1399 1704 1461 potuisset,

302 1485 345 1521 et
375 1475 775 1539 opportunitatem
803 1474 1029 1531 auferret,
1060 1484 1100 1519 ct
1138 1484 1306 1520 cuncta
1329 1474 1543 1520 redderet
1570 1476 1709 1537 longe

304 1552 584 1597 difficiliora.
616 1554 731 1596 ,Nam
755 1567 862 1595 cum
885 1551 1154 1596 autumnale
1179 1560 1378 1614 tempus,
1404 1552 1605 1614 copiosis
1628 1552 1711 1596 im-

304 1627 469 1673 bribus
490 1627 662 1685 effusis,
691 1637 835 1672 terras
858 1627 974 1685 illas,
998 1627 1199 1671 maxime
1224 1627 1471 1685 Flaudriee,
1496 1628 1556 1672 ad
1581 1629 1710 1689 equi-

304 1704 501 1750 tandum
527 1713 572 1748 et
592 1702 874 1748 vectandum
899 1702 1130 1748 inhabiles
1157 1703 1456 1759 reddidisset,
1482 1719 1579 1748 non
1603 1703 1709 1750 abs-

307 1796 397 1842 que
423 1780 602 1841 magnis
627 1778 979 1824 difficultatibus
1005 1789 1049 1824 et
1074 1780 1292 1842 periculis
1333 1780 1425 1824 11110
1456 1781 1710 1826 exercitum

307 1874 443 1902 suum
475 1856 715 1902 effundere
751 1872 831 1901 seu
880 1865 1029 1902 castra
1071 1857 1235 1901 metari
1280 1866 1325 1902 et
1361 1855 1592 1903 collocare
1628 1874 1712 1921 po-

309 1935 483 1979 tuisset.

374 2014 476 2055 Non
525 2010 761 2055 desierunt
779 2020 936 2056 tamen
990 2010 1175 2067 milites,
1222 2027 1340 2072 quos
1383 2011 1429 2055 in
1471 2010 1711 2056 liminibus

308 2087 533 2132 Flandriae
576 2097 621 2132 et
668 2088 925 2133 Haimonia·
962 2103 1047 2150 pro
1094 2087 1309 2150 praesidio
1356 2096 1598 2146 statuerat,
1638 2089 1713 2132 in-

310 2180 519 2221 cursare,
559 2164 775 2210 incendia
811 2175 855 2210 et
903 2164 1081 2227 prsedas
1120 2180 1271 2225 agere.
1312 2167 1363 2208 Et
1405 2181 1513 2210 cum
1550 2166 1595 2210 in
1636 2165 1712 2211 illa

311 2240 526 2286 Flandria
566 2240 805 2299 inferiore,
845 2242 966 2286 circa
1014 2240 1569 2299 Sancttim-Odomarum,
1614 2242 1712 2288 Fla·

312 2318 455 2378 mingi
480 2316 566 2361 sub
588 2318 795 2378 quodam
817 2318 962 2363 milite
983 2318 1224 2379 indigena,
1249 2329 1566 2379 cognomento
1585 2321 1714 2364 Suec-

317 2395 540 2455 telzuyse¹,
567 2394 774 2449 collecti,
813 2411 896 2457 per
928 2396 1037 2439 certi
1064 2395 1289 2458 temporis
1322 2397 1519 2458 spatium
1546 2414 1710 2460 quem-

314 2472 423 2517 dam
456 2471 612 2533 patriffl
651 2470 869 2527 limitem,
910 2488 1050 2533 quem
1091 2474 1543 2534 Novum-Aggerem'
1574 2473 1712 2535 vulgo

369 2600 405 2633 1.
438 2598 609 2647 Corrigez
633 2599 877 2646 iS'teenlsrsysf’5
900 2598 991 2635 mais
1016 2601 1108 2635 Jcan
1131 2598 1176 2634 (lc
1195 2601 1348 2649 Bruges,
1371 2600 1499 2650 prince
1519 2600 1564 2637 de
1583 2603 1712 2638 Stoen-

317 2658 455 2707 huyse,
477 2659 580 2695 a-t-il
605 2659 688 2695 bien
709 2660 931 2697 c‹›1mnan‹l‹'=
952 2661 1003 2696 les
1024 2660 1163 2696 milit-os
1184 2661 1412 2698 llamandes?

370 2723 406 2758 9..
440 2722 1011 2772 NimmondykonNet1f-Fosse4,
1025 2724 1129 2760 canai
1145 2725 1206 2773 qui
1220 2738 1265 2760 va
1278 2725 1403 2762 d‘Airc
1422 2727 1442 2761 a
1464 2725 1711 2764 Saint-Omer.
