1875 2956
646 226 693 261 LI
700 227 789 262 BER
826 229 848 262 S
857 227 1013 262 EX'I'US
1020 254 1029 262 .
1487 229 1507 260 9
1514 227 1533 259 7

138 320 183 355 et
213 311 346 355 terris
377 311 487 370 suis,
529 328 614 357 suo
650 313 870 375 pontifice
911 314 1118 368 secluso,
1162 321 1207 356 et
1229 311 1357 373 quod
1389 312 1454 356 eis
1478 314 1538 358 ad

139 387 465 432 sustinendum
493 398 590 433 tam
614 388 812 433 difficilis
836 389 946 434 belli
969 388 1156 452 pondus
1191 386 1449 448 majoribus
1474 389 1538 433 eis

140 463 314 509 viribus
350 482 468 528 opus
500 468 653 523 esset¹‚
683 467 946 527 cogitarunt
968 466 1166 528 qualiter
1199 480 1284 510 suo
1315 465 1538 528 episcopo

141 551 380 602 potentem
422 543 625 604 aliquem
670 541 989 588 adversarium
1035 550 1355 605 opponerent,
1399 557 1539 603 quem

142 617 253 679 ipsi,
284 619 406 664 velut
430 619 627 664 civitatis
661 628 707 663 et
745 620 903 681 patriae
936 620 1038 665 vice
1071 618 1307 683 pontificis
1332 618 1543 664 defenso-

143 710 240 738 rem
266 695 359 740 sive
383 695 687 753 advocatum,
714 695 786 740 vel
801 732 812 754 ,
845 706 891 741 111
913 696 1052 758 vulgo
1076 697 1352 758 loquuntur,
1374 710 1545 741 ruwar-

142 770 292 830 dum²‚
331 773 535 817 illectum
565 788 646 834 spe
669 772 994 836 episcopatum
1028 772 1275 818 obtinendi
1298 781 1403 835 post
1421 788 1546 817 mor-

143 857 236 893 tem
261 850 332 894 vel
368 849 710 912 depositionem
733 850 802 894 sui
840 849 1093 912 pontificis,
1139 848 1462 894 adciscerent³.
1492 851 1548 893 Et

143 925 304 970 oculos
328 925 625 970 deflectentes
648 925 709 970 ad
732 925 1117 986 Enghelbertum‚
1143 925 1332 971 fratrem
1358 925 1547 970 illustris

144 1002 276 1048 ducis
315 1003 586 1061 Clivensiff,
638 1003 983 1050 adolescentem
1030 1003 1265 1062 nobilem,
1312 1020 1547 1049 annorum

145 1079 326 1124 circiter
361 1079 524 1124 decem
553 1089 599 1124 et
638 1089 762 1138 octo,
797 1097 950 1142 neque
983 1081 1239 1126 litterarum
1263 1081 1426 1142 peritia
1462 1097 1550 1125 nec

146 1154 353 1217 probatis
391 1154 546 1200 adhuc
577 1155 788 1200 moribus
811 1157 918 1201 satis
950 1157 1178 1217 agnitum,
1205 1157 1415 1201 intonsas
1445 1155 1552 1201 bar-

146 1229 230 1276 bas
267 1234 605 1290 servaverunt&
648 1231 802 1277 donec
840 1249 973 1291 eum,
1021 1233 1114 1278 suis
1149 1243 1200 1278 ut
1233 1232 1553 1278 voluntatibus

147 1310 385 1354 assentiret
435 1309 584 1370 (quod
630 1326 727 1354 non
775 1309 963 1354 difficile
1008 1309 1132 1354 factu
1170 1309 1293 1370 fuit),
1332 1310 1379 1354 in
1421 1326 1552 1356 suam

147 1384 496 1430 introducerent
520 1385 753 1429 civitatem
792 1421 800 1428 .

211 1460 499 1506 Mirabantur
520 1461 653 1505 multi
674 1477 758 1505 cur
791 1460 1064 1522 hujusmodi
1091 1470 1295 1506 rectores
1316 1471 1362 1506 et
1386 1462 1554 1523 magis-

146 1545 290 1582 tratus
316 1536 512 1582 civitatis
535 1535 691 1582 subito
714 1537 762 1581 in
786 1537 914 1582 illam
938 1536 1204 1583 barbariem
1232 1554 1329 1583 sese
1351 1538 1553 1583 invicem

148 1613 469 1672 foederassent‚
498 1623 548 1658 ut
578 1614 830 1676 promissas
865 1614 1021 1659 cuncti
1051 1624 1215 1659 contra
1245 1615 1421 1677 patrios
1449 1631 1552 1659 mo-

148 1707 219 1736 res
248 1690 481 1736 deferrent
517 1689 716 1736 barbas:
742 1689 872 1752 quod
896 1700 1087 1753 perante
1113 1691 1307 1735 minime
1342 1707 1555 1736 consues-

148 1777 264 1812 sent.
310 1766 400 1811 Sed
440 1784 566 1825 cum,
609 1767 883 1812 adventato‘*
915 1767 1106 1829 pra‘fato
1147 1766 1461 1827 Enghelberto
1493 1767 1553 1813 ad

149 1843 410 1901 civitatem,
452 1858 528 1888 eas
551 1852 741 1905 repente
777 1859 940 1888 omnes
960 1843 1154 1905 pristino
1182 1859 1313 1888 more
1337 1843 1556 1889 detonsas

152 1918 404 1977 haberent,
441 1919 549 1964 satis
590 1918 824 1982 probabili
865 1920 1134 1979 conjectura
1177 1920 1452 1966 aestimatum
1489 1930 1555 1966 est

207 2081 242 2115 1.
274 2081 345 2115 Ms.
369 2092 471 2124 esse,·
493 2078 626 2115 Matth.
648 2087 741 2114 erat.

206 2144 242 2177 ⁶2.
275 2143 466 2185 Rzzwaert,
489 2140 644 2191 gardien
659 2168 668 2186 ‚
696 2148 925 2190 protecteur.

208 2206 244 2239 3.
275 2204 344 2238 Ms.
366 2206 568 2240 assisteret.
594 2201 724 2239 Matth.
747 2201 960 2249 objicerent.

208 2265 244 2300 4.
275 2263 448 2313 Adolphe
468 2263 514 2300 de
533 2264 676 2300 Cleves.

209 2328 244 2362 5.
275 2325 407 2362 Matth.
435 2330 578 2362 [atoma
597 2325 711 2362 barba
729 2328 962 2362 adsciverunt
988 2327 1240 2362 sollicitantes.
1270 2325 1363 2362 Mais
1390 2325 1415 2362 il
1440 2324 1560 2375 parait

157 2387 260 2422 avoir
281 2387 425 2437 corrige
445 2388 480 2424 le
500 2396 600 2425 texte
620 2401 705 2425 sans
726 2387 760 2424 le
780 2387 1044 2437 comprendre.
1068 2389 1170 2424 Nous
1196 2387 1413 2436 cliangeons
1439 2387 1558 2423 seule-

159 2456 260 2483 ment
282 2450 424 2485 intonsa
445 2449 559 2485 barba
579 2449 643 2499 qui
663 2458 717 2485 est
741 2449 840 2486 aussi
862 2449 955 2485 dans
975 2449 1009 2485 le
1030 2462 1100 2485 ms.

214 2512 249 2544 (5.
280 2509 404 2546 L‘acte
422 2524 490 2560 par
508 2511 632 2560 lequel
652 2510 847 2561 Engilbert
865 2510 910 2547 de
929 2511 1060 2548 Cleves
1074 2511 1129 2547 sut
1150 2510 1250 2561 erige
1271 2522 1317 2546 en
1334 2510 1560 2559 protendant

160 2569 205 2606 de
224 2569 388 2607 l’evcehe
412 2572 609 2609 d'Utrecht
624 2601 633 2618 ‚
657 2582 711 2609 est
732 2573 816 2609 date
838 2573 885 2609 dn
907 2575 928 2608 8
951 2571 1152 2608 decembre
1176 2574 1288 2610 1481.
1316 2572 1344 2607 Il
1366 2580 1419 2608 est
1440 2572 1561 2621 parmi

160 2632 210 2668 les
231 2633 466 2669 annotations
487 2634 532 2669 de
549 2634 745 2670 Matthaeus
765 2637 785 2670 ἐι
805 2635 966 2671 Thomas
986 2634 1110 2670 Basin.

214 2698 250 2730 7.
283 2697 536 2732 Adventante?
559 2697 774 2742 Matthaeus,
796 2699 953 2733 adventu
973 2698 1149 2745 praefati,
1171 2705 1241 2732 etc.

265 2772 307 2794 111
1331 2763 1349 2796 ’ἶ
