1875 2956
716 234 856 268 LIBER
889 232 1070 269 SEXTUS
1079 261 1086 268 .
1547 242 1586 274 55

203 326 313 361 turae
352 316 702 364 inchoationem
739 319 921 380 utrique
958 317 1205 376 referrent,
1238 334 1345 378 rex,
1392 320 1595 369 collectis

202 394 382 455 magnis
431 406 525 442 tam
575 413 791 456 suorum,
842 412 984 458 quam
1029 395 1314 442 Suitensium
1361 396 1595 445 dictorum

201 472 372 535 copiiS,
403 474 545 520 duces
579 485 624 520 et
661 474 874 520 tribunos
909 473 1108 518 militum
1138 474 1460 537 quamplures,
1488 491 1596 521 cum

200 550 403 595 exercitu
436 551 589 597 valido
622 560 665 597 et
697 566 892 610 magno,
932 549 1055 595 misit
1089 550 1135 595 in
1170 550 1509 612 Burgundiam,
1548 563 1599 597 ut

200 626 502 686 comitatum,
529 643 668 689 quem
702 625 857 671 adhuc
895 625 989 672 dux
1025 628 1215 673 Austrice
1255 627 1467 688 tenebat,
1510 628 1597 675 sibi
1661 648 1663 651 ⁴

199 703 474 764 acquireret.
521 706 622 748 Jam
671 702 820 761 enim,
862 712 912 747 ut
957 711 1065 748 ante
1107 703 1334 763 diximus,
1375 704 1598 751 ducatum

200 779 474 839 Burgundiae
499 789 647 824 totum
673 788 925 841 occuparat
954 788 998 823 et
1029 778 1293 837 detinebat;
1320 790 1366 827 et
1391 798 1500 827 cum
1523 782 1599 827 illa

199 855 366 900 misera
398 855 547 917 patria
581 864 693 900 tunc
730 854 1056 901 desensoribus
1092 865 1138 901 et
1175 857 1315 903 armis
1354 875 1486 921 paene
1518 874 1596 904 va-

199 940 332 975 cuata
352 940 493 990 esset,
528 947 625 976 non
648 932 806 992 magni
830 932 1005 992 negotii
1027 941 1124 978 erat
1145 941 1276 979 tanto
1300 949 1353 978 ac
1384 944 1480 980 tam
1514 951 1598 980 nu-

198 1023 383 1052 meroso
406 1008 625 1053 exercitui
649 1008 776 1054 omni
804 1025 934 1071 paene
961 1009 1178 1072 praesidio
1201 1009 1467 1058 destitutam
1494 1027 1596 1057 eam

198 1083 428 1145 subigere.

262 1162 455 1223 Ingressi
482 1162 620 1224 igitur
653 1162 766 1223 regii
808 1173 978 1208 terram
1015 1163 1171 1223 illam,
1210 1179 1443 1209 memores
1477 1165 1597 1210 illius

197 1238 362 1298 cladis,
406 1255 549 1301 quam
590 1239 828 1301 superiore
875 1255 1001 1284 anno
1045 1250 1349 1302 acceperant,
1390 1257 1499 1285 cum
1537 1240 1597 1287 ab

195 1313 442 1360 obsidione
470 1315 632 1378 oppidi
663 1315 878 1360 Dolensis
910 1314 1117 1360 submoti
1151 1324 1196 1360 et
1224 1315 1456 1378 profligati
1489 1316 1597 1362 fuis-

194 1391 345 1447 sent¹,
373 1389 602 1451 oppidum
632 1388 786 1450 ipsum
815 1387 1031 1434 obsidere
1058 1398 1104 1433 et
1127 1404 1394 1452 expugnare
1423 1399 1596 1436 statue-

195 1474 324 1524 runt,
358 1466 405 1510 in
430 1482 524 1526 quo
557 1465 714 1526 aliqua
740 1480 797 1510 ex
826 1464 1143 1525 Suitensibus,
1177 1466 1261 1511 sed
1292 1466 1457 1528 exigua
1488 1468 1597 1513 satis

193 1541 404 1604 praesidia
445 1540 743 1587 exsistebant.
787 1543 906 1586 Cum
950 1551 1106 1587 autem
1147 1558 1232 1604 per
1270 1543 1450 1605 aliquot
1500 1544 1597 1590 dies

192 1617 466 1665 bombardis
490 1629 535 1664 et
557 1618 787 1664 machinis
807 1653 818 1675 ,
847 1634 963 1680 quas
987 1618 1079 1664 illic
1101 1620 1264 1669 Franci
1286 1622 1332 1666 in
1359 1622 1496 1685 copia
1516 1622 1597 1669 ad-

193 1705 430 1754 vexerant,
448 1705 596 1741 turres
609 1705 909 1753 etmurorum
926 1697 1281 1758 propugnacula
1299 1697 1590 1760 dejecissent,

202 1772 429 1835 oppidum
448 1773 601 1835 ipsum
624 1771 801 1833 absque
826 1788 999 1833 magno
1024 1773 1212 1834 negotio
1241 1786 1586 1838 expugnarunt.

194 1852 248 1894 Et
273 1866 404 1909 cum,
427 1850 501 1895 vel
520 1850 667 1908 caesis,
699 1850 768 1894 vel
792 1850 938 1912 captis
963 1847 1167 1909 civiibus,
1193 1853 1395 1915 exceptis
1416 1852 1488 1898 his
1511 1854 1593 1915 qui

191 1926 311 1973 elabi
342 1937 619 1991 potuerunt,
662 1927 822 1973 omnia
857 1927 1185 1990 diripuissent,
1222 1930 1375 1992 ipsum
1414 1931 1593 1994 insigne

191 2005 433 2065 quondam
463 2004 692 2068 oppidum
718 2003 966 2049 crudeliter
987 2006 1207 2052 incendio
1230 2019 1592 2056 concremarunt

192 2090 235 2125 et
270 2081 317 2126 in
348 2082 526 2128 cineres
555 2081 835 2143 redegerunt
853 2083 890 2140 ²3
919 2082 1049 2144 quod
1088 2094 1305 2146 perante,
1330 2094 1377 2130 et
1404 2086 1591 2132 studen-

191 2156 307 2202 tium
332 2159 654 2219 universitate,
681 2167 727 2203 et
755 2158 884 2204 curia
911 2158 1189 2222 parlamenti
1214 2161 1335 2206 illius
1359 2171 1490 2208 terrae
1517 2179 1591 2208 su-

196 2250 376 2296 prema,
404 2253 486 2300 per
510 2253 660 2282 annos
678 2236 831 2299 plures
855 2235 1003 2282 fuerat
1027 2236 1314 2299 insignitum.

256 2315 459 2359 Fuerunt
479 2313 559 2376 qui
586 2312 795 2357 dicerent
827 2311 1057 2375 oppidum
1091 2313 1253 2360 fraude
1276 2315 1584 2376 Suitensium,

192 2389 272 2449 qui
290 2389 382 2435 illic
406 2406 492 2453 pro
510 2388 724 2453 praesidio
744 2387 1018 2448 adstabant,
1038 2392 1226 2437 Francis
1242 2408 1297 2438 ac
1317 2392 1589 2438 contribuli-

192 2463 278 2509 bus
297 2467 413 2525 suis,
440 2467 521 2528 qui
544 2467 591 2511 in
613 2465 814 2511 exercitu
839 2466 957 2527 regis
983 2477 1142 2527 erant,
1164 2467 1300 2514 fuisse
1326 2469 1583 2531 proditum.

193 2540 281 2585 Sed
305 2543 431 2603 quod
459 2544 520 2588 ita
544 2542 679 2588 fuerit
696 2579 707 2601 ‚
733 2552 1030 2605 compertum
1053 2545 1161 2591 satis
1194 2561 1289 2590 non
1326 2544 1582 2606 habemus;

246 2644 281 2677 1.
314 2644 406 2690 Voy.
429 2642 627 2686 ci-dessus,
649 2656 674 2692 p
694 2645 755 2678 24.

245 2704 279 2738 2.
315 2703 525 2739 Ma1'1479.
