1875 2956
244 248 318 283 278
809 242 1077 288 women,

311 337 456 378 Porro
480 348 588 376 cum
611 347 666 375 ex
690 329 819 373 curia
842 328 962 388 regis
983 327 1325 388 Rothomaguin
1348 329 1508 374 delatae
1531 328 1639 373 fuis-

244 419 348 455 sent
376 406 648 470 hujusmodi
672 406 832 451 litterae
869 403 929 450 ad
967 402 1110 448 [inem
1143 403 1274 464 quod
1311 405 1579 450 solemniter
1601 413 1645 449 et

244 487 400 550 palam
427 483 648 530 omnibus
670 481 1041 546 publicarentur,
1068 496 1177 525 cum
1196 480 1273 525 illa
1295 479 1521 541 clausula,
1544 497 1647 543 quae

244 566 302 611 de
329 563 466 609 nobis
489 571 534 607 et
559 560 749 621 collegis
784 558 954 604 nostris
986 558 1278 603 mentionem
1309 556 1516 603 habebat
1546 575 1647 622 spe-

244 642 437 698 cialem,
463 655 489 684 a
512 637 752 683 nonnullis
775 644 1026 699 conspecta
1051 635 1227 694 suisset,
1254 634 1335 696 qui
1367 650 1448 679 seu
1471 635 1649 682 sincera

244 720 491 766 affectione
514 726 558 761 et
583 715 905 761 benivolentia
925 751 936 773 ,
961 729 1043 758 seu
1067 722 1169 758 astu
1188 721 1234 757 et
1259 712 1370 757 dolo
1403 722 1541 775 atque
1564 714 1649 758 ini-

244 797 366 841 mico
384 794 544 840 animo
568 793 629 838 ad
649 792 796 838 nostri
819 789 1271 836 circumventionem
1296 799 1516 834 nostrum
1539 788 1654 834 desi-

243 871 474 918 derabant
509 870 709 916 reditum
749 869 795 930 (a
819 885 914 929 quo
945 883 1032 912 nos
1060 883 1251 930 prorsus
1280 867 1454 921 averti,
1493 866 1652 912 audito

244 949 375 1012 quod
410 949 512 994 talis
537 948 596 993 de
635 946 774 992 nobis
808 946 1058 992 reservatio
1091 944 1222 990 fieret
1250 945 1488 1007 specialis,
1524 961 1653 990 vere-

243 1025 454 1085 bantur),
490 1024 651 1069 litterae
688 1024 797 1086 ipsae
821 1021 1014 1066 minime
1054 1030 1245 1084 propter
1279 1021 1373 1066 hoc
1407 1020 1652 1083 publicatae

246 1103 448 1159 fuerunt,
475 1101 557 1146 sed
577 1100 635 1146 ad
656 1115 813 1160 regem
832 1098 1050 1157 remissae,
1079 1107 1148 1157 ut,
1177 1097 1361 1144 sublata
1383 1098 1653 1159 hujusmodi

245 1181 302 1226 de
328 1179 466 1225 nobis
492 1177 722 1234 clausula,
764 1174 987 1222 onmibus
1009 1192 1063 1220 ex
1088 1192 1223 1237 aequo
1247 1192 1526 1221 communes
1560 1177 1656 1222 sine

245 1258 403 1320 aliquo
436 1257 621 1302 delectu
639 1254 800 1299 litterae
823 1252 1129 1299 haberentur.
1155 1254 1352 1298 Suasum
1377 1253 1552 1316 quippe
1575 1253 1657 1298 fuit

248 1335 365 1395 regi,
412 1334 499 1378 nisi
534 1333 598 1378 ita
635 1330 790 1388 fieret,
824 1346 911 1375 nos
947 1329 1215 1375 nullatenus
1257 1329 1355 1375 sore
1398 1329 1655 1389 redituros,

245 1411 509 1456 haesitantes
535 1426 593 1455 ne
618 1407 788 1453 talibus
811 1424 899 1453 nos
921 1423 1135 1470 premere
1162 1407 1357 1452 servitiis
1380 1406 1534 1465 vellet,
1563 1406 1660 1469 qui-

247 1488 336 1533 bus
374 1496 654 1550 perpetuum
678 1485 833 1530 forsan
867 1484 1080 1529 exsilium
1113 1484 1487 1547 praeponendum
1522 1484 1661 1529 duee-

253 1581 420 1609 remus.
461 1567 511 1608 ln
549 1580 641 1626 qna
673 1563 1005 1619 aestimatione,
1047 1562 1209 1625 procul
1241 1561 1388 1607 dubio
1408 1599 1418 1612 ,
1465 1562 1657 1606 minime

252 1640 546 1686 fallebantur.

738 1841 806 1884 CA
816 1840 944 1882 PlTU
954 1838 1078 1882 LUM
1113 1839 1189 1881 IX.

280 1968 330 1999 De
346 1966 460 2000 reditu
476 1974 596 1999 nostro
613 1964 658 1997 ad
678 1976 794 2009 regem
813 1975 854 1997 ex
874 1962 1059 1996 Brabantia
1079 1962 1143 1995 sub
1162 1960 1232 1995 fide
1248 1973 1389 1995 suarum
1405 1962 1638 1998 securitatum.

323 2099 510 2145 Talibus
529 2100 667 2160 igitur
687 2115 765 2144 rex
780 2096 1154 2159 suggestionibus
1174 2095 1337 2155 sseXUS,
1361 2095 1472 2141 alias
1492 2095 1665 2140 litteras

263 2177 498 2239 generales
523 2175 699 2238 absque
730 2175 824 2221 ulla
850 2190 1042 2238 prorsus
1064 2174 1338 2236 exceptione
1365 2173 1436 2217 vel
1463 2187 1668 2217 reserva-

263 2254 391 2299 tione
413 2253 746 2314 conficijussit,
771 2262 817 2297 et
839 2252 1014 2314 ubique
1034 2267 1150 2296 voce
1167 2250 1399 2312 praeconia
1413 2249 1669 2311 praecinen-

265 2329 388 2375 tibus
417 2329 540 2374 tubis
569 2329 816 2392 publicari.
845 2333 997 2384 Quam
1023 2328 1279 2372 litterarum
1301 2324 1670 2389 publicationem

268 2423 377 2452 cum
394 2407 486 2450 cari
514 2415 556 2450 et
585 2406 829 2450 necessarii
856 2404 1002 2449 nostri
1023 2402 1321 2460 audo-issent,
1345 2417 1506 2447 earum
1528 2411 1671 2447 trans-

269 2493 455 2546 sumpta
474 2482 741 2527 authentica
775 2481 896 2526 illico
919 2480 978 2526 ad
1002 2496 1089 2525 nos
1114 2479 1424 2524 transmittere
1451 2487 1672 2524 curarunt

269 2576 378 2605 CUtll
412 2569 479 2604 tot
511 2560 649 2604 etiam
677 2559 909 2620 tantisque
943 2556 1003 2602 ad
1035 2574 1120 2602 nos
1149 2556 1287 2601 variis
1313 2555 1539 2618 epistolis,
1573 2565 1673 2600 tum

270 2652 298 2681 a
320 2636 559 2682 nonnullis
585 2635 745 2680 amicis
774 2650 892 2696 quos
928 2644 1041 2678 tunc
1070 2634 1117 2678 in
1157 2633 1353 2678 consilio
1380 2633 1505 2693 regio
1531 2631 1675 2677 habe-

270 2712 454 2770 bamus,
480 2722 578 2757 tum
602 2713 740 2757 etiam
763 2727 788 2756 a
813 2711 1004 2755 (liversis
1031 2710 1227 2772 praelatis
1247 2709 1384 2755 nobis
1404 2710 1593 2754 caritate
1611 2723 1665 2752 ac
