1875 2956
256 237 305 272 m,
614 237 953 274 HISTORIARUM
982 238 1214 274 LUDOVICI
1242 239 1297 273 xl

668 375 674 380 ⁵
722 408 1059 452 CAPITULUM
1094 409 1192 452 xv.

255 532 304 565 De
327 532 448 578 proelio
467 528 566 562 ducis
583 529 727 562 Austriae
748 537 780 562 et
797 529 1057 575 Flamingorum
1076 537 1196 562 contra
1209 529 1361 564 Francos
1380 531 1467 564 inter
1480 532 1659 565 Morinum

848 593 880 619 et
894 586 1068 621 Hesdinclc,

322 700 440 744 Cum
463 711 575 742 vero
593 695 693 742 haec
716 695 764 740 in
790 694 1060 757 Burgundia
1084 695 1145 741 ita
1178 695 1383 741 factitata
1407 706 1584 756 essent,
1606 715 1660 744 ex

256 772 499 817 communi
523 779 752 816 terrarum
790 769 1017 815 Flandriae
1039 779 1084 815 et
1115 770 1311 815 aliarum
1335 769 1661 818 foederatarum

258 844 624 903 deliberatione,
665 844 854 890 illustris
876 844 1095 907 princeps
1134 860 1262 903 suus,
1307 843 1400 888 dux
1445 846 1660 902 Austriae‚

258 920 456 965 collecta
474 919 629 965 valida
660 919 862 964 militum
901 934 1076 978 manu,
1099 919 1329 982 praecipue
1361 935 1415 965 ex
1449 919 1664 967 Flandria

258 1004 303 1039 et
327 992 789 1050 Sancto-Odomaro,
811 993 935 1038 circa
960 1008 1171 1038 mensem
1188 992 1390 1053 augusti¹
1410 992 1661 1055 profectus,

255 1068 387 1130 juxta
414 1067 672 1112 Morinum²
696 1075 845 1112 castra
865 1076 1065 1112 metatus
1081 1076 1164 1111 est.
1190 1069 1294 1112 Non
1326 1076 1481 1112 tamen
1508 1067 1665 1113 civita-

261 1153 382 1201 tem,
410 1141 625 1203 quamvis
644 1142 752 1187 satis
786 1150 983 1202 angusta
1017 1136 1228 1199 exsistat,
1249 1149 1395 1187 totam
1419 1140 1666 1187 obsidione

264 1216 423 1262 cinxit.

329 1292 442 1351 Ubi,
490 1308 600 1338 cum
625 1292 787 1355 paucis
825 1291 1016 1338 sedisset
1047 1290 1231 1349 diebus,
1270 1301 1464 1355 accepto
1502 1293 1668 1338 nuntio

262 1366 391 1428 quod
438 1367 600 1411 Franci
644 1381 753 1410 cum
802 1381 975 1425 magno
1021 1366 1232 1426 equitum
1278 1375 1419 1428 atque
1460 1366 1671 1429 peditum

264 1443 467 1488 exercitu
505 1459 587 1487 eos
619 1442 809 1503 aggredi
839 1441 1168 1504 disponerent,
1205 1443 1455 1487 consilium
1494 1443 1673 1506 accepit

265 1536 361 1564 non
405 1535 488 1564 eos
540 1534 690 1582 prope
732 1518 963 1581 oppidum
1007 1527 1277 1581 exspectare
1297 1554 1309 1575 ,
1355 1518 1438 1563 sed
1482 1520 1670 1565 concito

267 1611 424 1657 gressu
461 1594 640 1641 eisdem
662 1594 854 1640 obviam
878 1593 1128 1657 proficisci.
1158 1595 1298 1640 Motis
1330 1595 1486 1657 itaque
1513 1596 1672 1641 castris

266 1683 465 1731 mature,
488 1673 630 1735 coepit
658 1673 745 1717 iter
763 1671 957 1718 tendere
982 1689 1142 1718 versus
1164 1672 1395 1736 oppidum
1417 1672 1668 1731 Hesdinclz,
1697 1707 1704 1714 .

268 1749 455 1811 suisque
489 1747 724 1811 dispositis
764 1748 972 1806 aciebus,
1014 1750 1230 1795 inventos
1264 1752 1467 1795 Francos
1501 1766 1674 1812 magno

266 1823 478 1885 equitum
498 1832 638 1885 atque
659 1822 871 1886 peditum
891 1840 1110 1882 numerO,
1133 1823 1214 1885 qui
1238 1822 1296 1868 de
1316 1822 1525 1885 ejusdem
1543 1824 1674 1869 ducis

267 1900 453 1945 Austriae
493 1899 555 1945 ad
588 1916 671 1945 eos
710 1899 916 1945 adventu
960 1900 1077 1945 nihil
1116 1909 1254 1945 antea
1297 1899 1670 1963 suspicabantur,

269 1993 510 2039 aggressus
539 1978 648 2022 est³.
685 1977 742 2021 Hi
768 1986 925 2023 autem
966 1977 1045 2039 qui
1077 1977 1125 2021 in
1158 1977 1309 2040 prima
1338 1977 1437 2022 acie
1474 1977 1672 2022 militum

270 2055 403 2101 ducis
442 2055 581 2100 locati
626 2063 775 2114 erant,
804 2054 1031 2117 impetum
1060 2054 1272 2116 equitum
1295 2057 1558 2099 Fancorum
1576 2070 1671 2098 non

272 2132 487 2189 ferenteS,
505 2130 674 2193 partim
695 2131 822 2188 caesi,
842 2131 1012 2194 partim
1027 2129 1143 2192 fugae
1165 2130 1380 2194 praesidio
1404 2139 1670 2186 evaserunt3

272 2217 318 2254 et
347 2224 403 2252 ex
426 2206 661 2268 equitibus
687 2206 819 2252 ducis
856 2208 1038 2253 circiter
1067 2207 1193 2253 mille
1229 2216 1276 2252 et
1309 2206 1563 2267 octingenti
1604 2206 1676 2251 fu-

274 2300 380 2346 gam
400 2293 684 2346 acceperunt
702 2300 861 2329 versus
884 2284 1114 2347 oppidum
1139 2283 1196 2329 de
1211 2284 1354 2327 Aercst
1368 2292 1413 2327 et
1434 2284 1676 2328 Sanctum-

327 2398 362 2432 1.
398 2397 514 2432 1479.

326 2459 364 2494 2.
394 2456 657 2494 Therouanne.

324 2522 359 2557 3.
393 2522 445 2557 Le
466 2519 623 2564 samedi,
647 2522 667 2556 7
688 2519 792 2564 amit,
813 2519 866 2555 les
884 2518 1059 2567 Francgais
1079 2527 1267 2569 occupant
1285 2519 1319 2555 la
1340 2527 1541 2569 montagne
1560 2519 1673 2556 d’En-

273 2581 364 2632 quin
399 2589 435 2617 et
471 2581 506 2617 le
543 2580 730 2618 mamelon
771 2579 1084 2630 d'Enquinegatte
1117 2580 1212 2616 situe
1249 2581 1406 2631 nuptos,
1440 2594 1487 2617 au
1522 2580 1591 2617 sud
1629 2580 1675 2617 de

271 2644 533 2683 Therouanne.

326 2710 362 2744 [ι.
396 2708 502 2751 Aire,
528 2707 765 2753 aujourd'hui
786 2707 878 2744 dans
898 2707 932 2743 le
951 2706 1210 2757 departernent
1230 2706 1279 2742 du
1302 2707 1593 2745 Pas-de-Calais.
