1875 2956
677 194 821 229 LIBER
849 194 1046 230 PRIMUS.
1486 196 1555 232 ΞΜ

169 281 278 327 dam
315 279 469 339 duxit,
514 280 733 342 quatinus
769 296 952 325 morose
996 279 1197 340 cogitare
1250 278 1470 324 vellemus
1507 283 1565 326 ad

168 356 472 420 praebendum
504 356 591 401 sibi
625 357 897 413 consilium,
924 355 1206 418 quibusnam
1230 354 1405 401 mediis
1429 365 1566 417 atque

168 438 252 482 viis
276 436 335 482 ad
359 437 472 482 illud
498 453 634 482 suum
658 437 789 499 pium
815 436 1120 493 desiderium,
1150 434 1282 496 juxta
1307 433 1436 496 quod
1459 451 1566 481 eum

167 513 559 573 adhortabamur,
586 512 940 575 adimplendum
963 521 1008 556 et
1032 510 1371 574 perficiendum
1399 527 1570 574 oppor—

167 591 325 635 tunius
359 600 498 652 atque
534 589 697 634 melius
738 597 894 651 posset
939 587 1199 650 pervenire.
1252 585 1436 641 Quibus
1477 588 1569 633 suis

167 668 303 713 illecti
337 667 666 727 exhilaratique
704 663 998 711 sermonibus
1030 663 1243 727 optimiS,
1279 664 1445 725 gratias
1468 667 1568 709 Deo

167 744 418 805 agebamus
447 752 546 789 toto
572 742 714 788 corde
739 741 868 804 quod
903 742 945 787 ei
974 751 1069 787 tam
1098 750 1313 786 sanctum
1345 741 1569 804 piumque

167 821 461 883 propositum
494 820 784 882 inspirasset,
824 817 951 863 unde
982 817 1068 863 toti
1093 832 1237 878 regno
1271 826 1316 862 et
1348 816 1570 863 omnibus

168 896 377 957 ejusdem
408 896 578 942 accolis
615 904 751 941 tantae
788 904 834 940 et
867 904 963 940 tam
997 892 1326 939 desiderabiles
1357 893 1571 939 utilitates

169 982 262 1018 tam
277 973 462 1036 publice
482 988 623 1035 quam
642 972 858 1036 privatim
871 980 1166 1034 proventurae
1187 979 1337 1016 essent
1354 988 1363 1016 ε
1382 982 1571 1016 orantes

167 1052 320 1094 Deum
349 1066 458 1095 cum
492 1049 622 1094 omni
657 1048 931 1107 devotione,
962 1057 1013 1092 ut
1052 1058 1149 1093 tam
1188 1047 1422 1093 laudabile
1459 1065 1571 1111 pro-

166 1127 370 1189 positum
398 1127 444 1172 in
478 1142 535 1172 eo
572 1141 848 1172 conservare
883 1135 927 1170 et
966 1124 1026 1170 ad
1060 1124 1241 1169 felicem
1277 1134 1322 1169 et
1359 1134 1571 1187 optatum

166 1202 383 1248 effectum
420 1202 674 1266 perducere
718 1218 800 1248 sua
838 1201 1133 1247 miseratione
1184 1199 1272 1245 sibi
1313 1201 1572 1246 concedere

167 1279 451 1340 dignaretur.
488 1283 544 1325 Et
574 1279 680 1325 licet
710 1279 861 1341 prima
890 1278 1031 1337 faeie,
1059 1277 1118 1323 ad
1142 1286 1281 1322 tantae
1308 1277 1373 1321 rei
1396 1278 1572 1322 molem

167 1355 462 1402 subeundam
506 1356 661 1400 minus
713 1355 910 1400 idoneos
950 1362 996 1398 et
1038 1351 1317 1398 sufficientes
1353 1367 1449 1397 esse
1487 1368 1572 1397 nos

166 1431 403 1477 humiliter
443 1431 732 1487 excusando,
784 1431 1012 1493 plurimos
1053 1444 1165 1473 vero
1205 1426 1419 1473 subditos
1450 1428 1574 1473 viros

166 1509 395 1571 sapientes
417 1517 462 1553 et
482 1507 736 1571 prudentes
760 1506 934 1552 habere
968 1521 1016 1550 se
1044 1505 1092 1550 in
1114 1521 1259 1566 regno
1286 1505 1567 1565 diceremus,

167 1584 246 1646 qui
270 1600 409 1647 super
439 1585 511 1629 his
548 1582 713 1642 rebus,
749 1584 787 1628 si
821 1583 1064 1644 exquirere
1100 1581 1159 1627 ab
1185 1582 1250 1626 eis
1282 1581 1567 1642 dignaretur,

168 1660 682 1709 saluberrima-consilia
702 1670 746 1705 et
776 1659 1043 1706 fidelissima
1065 1659 1197 1704 facile
1219 1659 1329 1704 dare
1354 1669 1568 1722 possent,

169 1738 306 1783 nobis
345 1748 524 1797 tamen,
558 1737 863 1801 imprecando
904 1738 1033 1797 licet,
1078 1738 1277 1798 injunxit
1316 1746 1368 1780 ut
1400 1752 1573 1782 munus

168 1814 494 1876 hujuscemodi
517 1814 660 1859 dandi
685 1813 773 1859 sibi
795 1814 976 1858 consilii
999 1813 1277 1858 subiremus.
1306 1813 1448 1869 Quod
1473 1823 1571 1859 esto

169 1893 323 1937 minus
356 1892 525 1937 idonee
549 1908 634 1937 nec
664 1893 772 1937 satis
794 1891 958 1953 digne,
999 1907 1086 1954 pro
1121 1892 1187 1936 rei
1224 1890 1568 1952 magnitudine,

170 1984 256 2013 nos
284 1984 419 2031 posse
444 1967 591 2013 facere
615 1968 967 2030 profiteremur,
993 1977 1149 2013 tamen
1174 1968 1284 2030 quia
1308 1976 1445 2012 tanta>
1469 1983 1572 2012 ma—

164 2045 338 2107 jestatis
375 2054 514 2107 atque
557 2045 793 2106 dignitatis
830 2045 915 2090 viri
954 2061 1113 2108 preces
1140 2045 1307 2090 merito
1342 2060 1429 2106 pro
1465 2044 1572 2105 jus—

169 2122 299 2167 sione
337 2122 546 2184 accipere
586 2121 906 2181 debebamus,
944 2137 1030 2184 pro
1068 2120 1346 2167 obedientiae
1384 2120 1568 2180 debito,

169 2198 304 2243 simul
328 2199 469 2244 etiam
493 2214 548 2244 ex
572 2199 760 2245 ferventi
784 2198 987 2244 caritatis
1011 2199 1110 2243 zelo
1136 2208 1181 2243 et
1199 2198 1432 2243 viscerosa
1448 2213 1574 2242 com-

170 2276 410 2338 passione,
437 2292 578 2337 quam
605 2276 812 2322 donante
837 2277 921 2321 Dei
953 2275 1273 2321 misericordia
1298 2274 1357 2320 ad
1380 2274 1573 2319 miseros

172 2352 273 2396 illos
302 2360 346 2396 et
367 2352 663 2397 calamitosos
698 2352 900 2415 populos
930 2352 1061 2413 regni
1088 2368 1271 2414 semper
1298 2350 1568 2406 habuimus,

173 2426 368 2472 libenter
404 2429 464 2474 ad
503 2429 751 2475 consilium
790 2445 929 2492 super
966 2428 1196 2492 przrdictis
1228 2427 1453 2489 majestati
1481 2441 1572 2469 suae

175 2502 369 2547 fideliter
407 2505 717 2567 praestandum
742 2522 935 2568 operam
964 2505 1180 2551 dedimus
1203 2523 1214 2561 ς
1248 2520 1335 2549 nec
1361 2502 1573 2547 laborem

177 2577 347 2636 ullum,
386 2580 510 2625 unde
549 2590 703 2627 tantus
737 2582 912 2644 sperari
942 2592 1097 2644 posset
1130 2589 1443 2643 proventurus
1476 2593 1572 2622 esse

178 2654 371 2714 fructus,
393 2666 622 2717 quantum
652 2673 705 2702 ex
725 2657 879 2703 verbis
904 2667 950 2703 et
977 2657 1272 2703 sermonibus
1301 2657 1416 2714 suis,
1444 2654 1573 2715 quod
