1875 2956
680 204 822 238 LIBER
856 203 1051 237 PfflMUS.
1492 201 1565 236 253

176 298 305 352 perta
338 287 614 347 habebatur,
647 290 776 352 quod
807 290 880 334 vix
916 288 975 334 ab
1002 288 1092 334 alio
1123 286 1303 340 melius,
1333 301 1474 346 quam
1508 287 1567 332 ab

177 365 277 426 ipso
300 365 582 423 audivimus,
610 365 813 410 enarrari
839 362 1104 427 potuisset),
1133 361 1192 407 ad
1215 361 1308 405 hoc
1335 376 1388 404 ex
1413 370 1570 406 nostra

176 442 555 502 percunctatione
582 441 711 486 facile
735 441 1024 495 devenimus,
1052 437 1181 500 quod
1203 453 1257 482 ex
1282 437 1456 497 guerris
1476 446 1571 481 tam

177 517 387 562 civilibus
413 534 554 580 quam
578 515 844 572 hostilibus,
871 515 1041 576 quibus
1066 530 1148 577 per
1173 529 1323 558 annos
1349 512 1575 574 plurimos

178 603 274 639 tota
315 594 440 654 regio
475 602 689 655 quassata
723 602 767 637 et
796 591 949 637 attrita
985 590 1093 648 fuit,
1128 605 1323 649 regnum
1355 588 1412 634 ad
1448 589 1572 634 illam

180 671 490 716 miserandam
509 670 813 715 vastationem
839 678 884 712 et
905 667 1235 724 inanitionem,
1261 675 1306 710 et
1325 666 1402 727 qui
1429 666 1573 710 relicti

179 757 311 793 erant
345 747 531 810 populi,
566 746 625 792 ad
658 756 834 791 tantam
871 744 1141 807 pauperiem
1176 742 1384 787 devoluti
1422 752 1570 787 erant.

181 826 296 868 Nam
320 833 366 867 ut
392 823 594 867 hostium
625 821 942 867 invasionibus
971 821 1278 877 resisteretur,
1307 820 1364 864 de
1388 836 1575 864 eorum-

180 915 269 959 que
294 898 534 952 inanibus,
567 913 681 959 quas
712 898 850 943 armis
880 897 1251 959 conquisierant,
1285 905 1413 940 terra:
1443 912 1575 941 recu-

181 985 468 1037 perarentur,
497 975 805 1019 necessarium
830 974 976 1018 suerat
994 973 1196 1035 populos
1214 971 1340 1032 regni
1366 971 1463 1017 haec
1481 972 1576 1016 duo

182 1052 447 1111 gravissima
470 1051 606 1095 simul
638 1067 806 1109 onera,
832 1050 1058 1095 tributum
1097 1049 1268 1094 scilicet
1297 1058 1343 1094 et
1366 1049 1577 1100 militiam

182 1126 406 1183 tolerare,
449 1143 550 1187 quae
590 1126 855 1187 gravissima
889 1126 948 1171 ad
990 1125 1287 1171 tolerandum
1322 1124 1576 1186 aliquando

182 1202 316 1247 fuisse
340 1203 516 1265 populo
550 1205 758 1247 Romano
781 1202 1044 1260 Sallustius,
1084 1201 1253 1247 nobilis
1276 1201 1577 1262 historiogra-

182 1279 319 1340 phus,
366 1280 537 1324 scribit.
568 1283 620 1323 Et
662 1280 770 1341 quia
814 1289 914 1324 tum
957 1279 1113 1323 hostili
1157 1278 1440 1336 vastatione,
1480 1288 1578 1322 tum

182 1356 319 1400 etiam
345 1356 515 1400 militiae
541 1356 670 1416 regni
703 1355 902 1400 mirabili
931 1353 1236 1399 dissolutione
1261 1363 1307 1398 et
1328 1353 1580 1415 indiscipli-

184 1431 371 1476 natione
403 1432 612 1493 plurimae
644 1431 773 1491 regni
800 1430 980 1475 nobiles
1006 1430 1257 1491 provinciae
1292 1429 1477 1474 incultae
1510 1429 1580 1490 ja-

182 1506 375 1562 cebant,
402 1517 592 1569 eratque
621 1507 824 1570 populus
854 1506 1029 1568 ubique
1067 1505 1338 1552 mirabiliter
1362 1506 1580 1552 imminu-

183 1592 277 1642 tus,
317 1599 485 1644 magna
517 1599 630 1628 vero
666 1583 858 1642 militia,
900 1592 1092 1645 propter
1125 1583 1333 1643 ingentes
1374 1582 1580 1627 hostium

182 1660 318 1717 vires,
345 1676 462 1722 opus
482 1660 541 1705 ad
564 1660 871 1705 resistendum
890 1659 1137 1717 exstiterat,
1165 1675 1351 1703 necesse
1373 1659 1581 1720 quodam

185 1735 328 1779 modo
350 1735 496 1780 suerat
518 1735 579 1780 ad
604 1734 872 1780 faciendum
895 1735 1124 1796 stipendia
1146 1733 1394 1793 militibus,
1422 1744 1473 1779 ut
1496 1735 1583 1797 ipsi

186 1811 245 1856 ad
269 1811 452 1856 debitos
487 1812 701 1856 ordinem
725 1820 768 1855 et
808 1810 1102 1873 disciplinam
1133 1827 1187 1856 ex
1222 1820 1350 1855 tanta
1381 1810 1580 1856 dissolu-

190 1888 313 1932 tione
337 1887 496 1932 reduci
519 1897 729 1950 possent,
755 1887 939 1932 relictos
957 1903 1084 1932 raros
1107 1897 1151 1932 et
1173 1887 1362 1947 exiguos
1381 1887 1583 1949 populos

187 1964 365 2025 magnis
385 1964 688 2009 collationum
712 1974 756 2009 et
775 1963 1055 2009 tributorum
1073 1962 1361 2026 ponderibus
1377 1964 1578 2008 onerari.

187 2042 243 2084 Et
269 2056 364 2085 non
392 2040 536 2085 modo
561 2056 646 2102 pro
678 2039 999 2101 hujuscemodi
1023 2039 1194 2084 militiae
1225 2038 1465 2101 stipendiis
1496 2039 1583 2084 hu-

182 2117 389 2177 jusmodi
412 2133 556 2162 onera
594 2116 875 2162 tributorum
913 2116 1093 2178 imponi
1131 2125 1243 2160 tunc
1275 2117 1584 2161 necessarium

189 2191 360 2251 suerat,
386 2210 548 2238 verum
571 2194 711 2238 etiam
753 2209 839 2255 pro
865 2193 1041 2253 ingenti
1064 2202 1108 2237 et
1149 2208 1292 2253 regno
1317 2193 1583 2253 gravissima

189 2273 468 2333 pensionum
492 2272 807 2331 multitudine,
834 2272 969 2317 variis
998 2282 1097 2316 tum
1123 2271 1412 2334 principibus
1434 2282 1479 2316 et
1500 2272 1584 2316 do-

192 2348 326 2392 minis
344 2358 588 2406 terrarum,
615 2358 665 2393 ut
687 2349 732 2393 in
756 2348 847 2394 fide
871 2349 1038 2394 certius
1058 2349 1366 2394 retinerentur
1390 2365 1504 2394 neve
1525 2348 1584 2392 ad

192 2423 345 2469 hostes
360 2425 632 2484 deficerent,
659 2436 756 2471 turn
778 2426 1029 2488 capitaneis
1043 2442 1096 2470 ae
1117 2426 1345 2486 magistris
1362 2425 1581 2481 militum,

197 2509 291 2544 tum
315 2502 452 2547 etiam
480 2503 635 2547 multis
660 2504 758 2549 aliis
781 2503 843 2548 ob
875 2504 1024 2549 varias
1048 2503 1448 2564 multiformesque
1480 2518 1587 2547 can-

196 2591 266 2620 sas
294 2579 663 2635 constitutarum,
697 2581 899 2642 populus
930 2581 1060 2641 regni
1100 2580 1358 2641 ingentium
1392 2578 1588 2624 tributo-

198 2667 299 2696 rum
319 2662 454 2714 atque
470 2655 760 2714 vectigalium
780 2656 1010 2701 molestias
1026 2655 1265 2701 tolerabat.
1291 2658 1378 2700 Pro
1396 2655 1582 2716 quibus,
