1875 2956
290 243 364 277 302
853 239 1100 274 APOLoclA
1115 267 1124 282 ,

739 414 1075 486 CAPtTULUM
1116 414 1236 457 XVI.

287 543 337 575 De
356 541 445 574 dolis
462 549 493 574 et
509 538 638 585 laqueis
654 538 756 572 nobis
776 537 1014 583 multipliciter
1036 537 1231 578 intentatis,
1256 549 1343 582 qnos
1367 538 1553 584 effugiendi
1579 541 1685 586 gratia

764 595 799 628 in
818 593 1028 629 sabaudiam
1045 594 1216 628 venimus.

349 717 669 762 Certissimum
691 717 818 761 enim
841 725 886 761 et
907 715 1272 784 luculentissime
1295 725 1587 778 compertum
1606 717 1688 763 ha—

285 794 474 840 buimus
506 794 566 840 ab
598 794 770 856 iniquis
804 803 847 839 et
883 793 1116 839 sceleratis
1143 791 1434 850 hominibus,
1471 792 1551 855 qui
1581 810 1688 856 erga

284 888 439 933 regem
473 882 575 916 tum
610 871 840 916 creditum
875 869 1117 916 habebant
1147 879 1191 914 et
1228 868 1409 915 favores
1439 870 1684 931 maximos,

284 964 449 993 omnes
476 948 594 992 vires
614 957 659 992 et
689 956 884 992 conatus
908 945 1119 1009 impendi
1143 944 1213 1007 (ut
1244 962 1341 990 non
1369 944 1572 991 deterius
1595 964 1689 993 sus-

283 1024 513 1087 picemur)
541 1041 637 1086 quo
658 1040 745 1069 nos
762 1025 811 1068 in
837 1023 925 1069 illis
948 1022 1110 1069 calidis
1133 1022 1405 1083 regionibus
1426 1023 1499 1068 vel
1523 1023 1687 1069 intole-

282 1101 500 1147 rabilium
523 1101 661 1146 nobis
701 1101 913 1146 calorum
945 1099 1329 1162 intemperantia,
1369 1100 1441 1144 vel
1471 1098 1687 1146 laborum

282 1178 549 1239 fatigatione
572 1194 653 1223 seu
676 1177 768 1222 alio
791 1177 960 1239 quovis
983 1175 1129 1222 modo
1160 1175 1447 1221 conficerent
1476 1186 1521 1221 et
1545 1176 1687 1223 vitam

280 1254 414 1300 finire
442 1255 707 1317 affigerent,
735 1254 795 1300 ad
826 1254 971 1299 finem
994 1253 1169 1299 scilicet
1201 1253 1331 1316 quod
1362 1253 1423 1299 ad
1447 1253 1687 1300 ecclesiam

279 1342 486 1378 nostram
518 1331 689 1378 talibus
718 1330 1109 1376 machinamentis
1137 1340 1329 1394 possent
1351 1330 1618 1393 pervenire,
1644 1339 1689 1375 et

279 1408 372 1453 suis
400 1408 759 1472 improbissimis
791 1417 930 1469 atque
964 1407 1267 1469 iniquissimis
1290 1405 1623 1470 cupiditatibus
1645 1415 1687 1451 et

279 1484 618 1531 ambitionibus
641 1485 917 1531 satisfacere.
957 1488 1013 1530 Et
1033 1485 1183 1548 ipsam
1206 1483 1425 1546 quidem,
1462 1483 1690 1545 quemad·

278 1561 476 1607 modum
495 1578 522 1608 a
538 1562 649 1606 viris
665 1561 757 1606 fide
774 1561 926 1622 dignis
943 1562 1224 1624 accepimus,
1245 1562 1396 1618 initio,
1414 1562 1686 1623 priusquam

279 1637 662 1699 Andegavensem
702 1637 965 1684 ecclesiam¹
1008 1647 1055 1682 et
1098 1637 1412 1683 cardinalatus
1457 1636 1687 1698 fastigium

279 1716 434 1761 fuisset
456 1725 707 1772 assecutus,
734 1715 972 1762 ambiebat
994 1726 1152 1762 noster
1179 1716 1340 1775 Balae,
1368 1725 1479 1760 tunc
1503 1716 1686 1777 episco-

276 1810 363 1856 pus
393 1793 595 1838 ecclesiae
628 1791 942 1850 Ebroicensis7
979 1810 1036 1838 eo
1067 1793 1197 1855 quod
1231 1793 1472 1855 aliquanto
1505 1802 1552 1837 et
1576 1809 1686 1855 pro-

277 1869 493 1915 ventibus
513 1868 723 1927 uberior,
743 1879 787 1914 et
804 1869 1053 1932 temporali
1074 1869 1297 1929 dignitate
1316 1868 1520 1914 nobilior
1543 1884 1685 1930 quam

277 1965 359 1993 sua
385 1947 677 1993 Ebroieensis
701 1963 729 1993 a
754 1947 967 2010 plurimis
992 1947 1262 2003 duceretur3
1288 1945 1419 2007 cujus
1446 1945 1685 2008 explendae

275 2042 366 2071 sua·
391 2024 662 2072 ambitionis
683 2025 844 2086 gratia,
872 2041 958 2070 nos
976 2024 1183 2087 primum
1205 2023 1325 2068 mitti
1352 2022 1685 2084 Perpinianum

277 2103 371 2164 ipse
403 2112 722 2165 procurasset,
751 2118 893 2165 quem
929 2112 1027 2147 tum
1059 2118 1145 2165 pro
1173 2100 1334 2157 nobis,
1363 2099 1506 2162 ipsius
1541 2098 1684 2144 fidem

275 2180 443 2237 secuti,
479 2189 691 2225 nostrum
724 2179 851 2242 apud
885 2195 1043 2241 regem
1077 2178 1442 2223 interventorem
1474 2166 1683 2220 futurum

274 2274 649 2320 speraveramus,
679 2267 725 2302 et
747 2274 834 2319 pro
859 2273 913 2302 ea
941 2274 990 2302 re
1014 2257 1122 2302 satis
1152 2255 1360 2301 honestis
1392 2253 1596 2299 enceniis
1618 2262 1682 2299 at-

274 2351 365 2397 que
389 2334 666 2379 muneribus
686 2334 1054 2391 donaveramus3
1077 2333 1158 2378 sed
1181 2332 1281 2377 talis
1305 2330 1560 2393 aliquando
1583 2347 1680 2377 esse

275 2411 391 2457 solet
426 2411 682 2456 multorum
717 2410 832 2455 fides
867 2420 911 2455 et
944 2409 1082 2455 ludus
1105 2409 1390 2468 aulicorum,
1417 2407 1476 2453 de
1508 2406 1680 2469 quibus

274 2488 382 2532 satis
401 2488 687 2550 pertinenter
710 2486 909 2547 tragicus
929 2486 1149 2531 cecinisse
1175 2485 1359 2531 videtur
1385 2503 1394 2528 z

418 2586 516 2626 Non
541 2586 666 2627 intrat
690 2602 873 2642 unquam
898 2586 1056 2643 regium
1082 2585 1206 2626 limen
1231 2585 1347 2626 sides.

328 2709 360 2742 l.
393 2706 648 2751 C'est—it-·‹li1·e,
674 2714 786 2743 avant
806 2706 838 2742 le
859 2705 953 2741 mois
970 2704 1017 2741 (le
1031 2705 1154 2751 juillet
1176 2708 1292 2744 1467.
