1875 2956
671 206 813 240 LIBER
843 204 1086 239 SEPTIMUS.
1503 206 1516 239 4
1529 208 1575 241 :37

187 289 294 335 dem
331 289 500 335 ducem
535 291 821 350 Glocestriae,
862 307 920 336 ne
956 290 1015 336 ad
1051 290 1237 335 culmen
1274 289 1401 350 regni
1439 291 1576 336 etiam

185 365 360 428 absque
384 367 622 429 sacrilegio
652 367 1013 425 conscenderet,
1046 364 1422 427 archiepiscopus
1459 365 1579 411 Ebo-

185 443 386 488 racensis
420 454 465 488 et
490 446 736 508 episcopus
762 445 1003 502 llliensis¹,
1034 443 1190 503 magni
1214 442 1423 503 ejusdem
1450 446 1577 504 regni

185 522 386 584 praelati,
436 523 515 583 qui
552 523 610 568 ad
649 522 772 567 idern
807 531 1008 565 castrum
1043 519 1319 565 consulendi
1352 535 1491 565 causa
1521 520 1578 565 de

184 596 382 659 publicis
416 599 544 659 regni
583 598 777 658 negotiis
815 597 997 642 fuerant
1028 596 1259 651 accersiti,
1297 611 1353 641 eo
1378 595 1506 656 quod
1535 605 1580 641 et

185 673 270 736 ipsi
294 674 521 719 voluntati
544 674 674 718 ducis
697 673 888 718 minime
917 673 1249 719 consentirent.

249 750 411 795 Occidi
436 760 589 796 autem
624 750 724 794 fecit
748 759 794 794 et
823 749 942 794 duos
965 749 1085 794 filios
1109 750 1275 810 reginae
1291 786 1302 807 ,
1338 764 1457 810 quos
1480 749 1579 811 ipsa

184 842 238 870 ex
283 827 436 888 priore
484 826 649 871 marito
696 836 987 888 susceperat,
1031 836 1283 888 antequam
1330 826 1429 889 ipsa
1471 842 1577 870 cum

184 901 403 948 Edoardo
441 903 683 965 nupsisset.
716 906 869 965 Ipsam
899 912 1078 962 autem,
1110 918 1213 964 quae
1247 902 1307 947 ad
1342 903 1579 947 Westmo-

185 979 458 1037 nasterium,
498 979 679 1024 tuendae
704 979 806 1024 vitae
830 965 883 1024 ac
907 979 1063 1024 salutis
1090 995 1250 1035 causa,
1281 978 1575 1038 confugerat,

184 1054 354 1099 dicitur
392 1055 685 1101 observatam
726 1065 768 1100 et
807 1055 1020 1101 clausura
1056 1055 1209 1101 valida
1243 1053 1579 1100 circumdatam

185 1131 334 1177 facere
370 1132 608 1177 custodiri.
650 1131 855 1178 Edoardi
885 1142 1041 1178 autem
1070 1132 1188 1177 filios
1226 1132 1357 1177 aiunt
1380 1131 1426 1175 in
1457 1130 1581 1175 dicta

182 1208 313 1251 Turri
344 1208 720 1265 Londoniarum,
748 1208 887 1252 etiam
924 1209 1134 1271 apposita
1170 1206 1407 1263 custodia,
1441 1221 1581 1251 asser-

182 1284 294 1327 vari.
335 1283 399 1328 Ad
423 1301 626 1345 quorum
652 1283 976 1328 liberationem
1013 1300 1120 1328 cum
1156 1300 1211 1328 ex
1243 1281 1582 1327 Londoniensi-

181 1357 269 1403 bus
295 1360 476 1404 circiter
500 1360 837 1421 quinquaginta
866 1361 952 1404 viri
975 1360 1295 1420 conjurassent
1311 1395 1322 1416 ,
1349 1358 1581 1403 aestiman-

181 1445 247 1480 tes
290 1436 614 1494 verisimiliter,
655 1437 720 1481 eis
756 1437 995 1497 negotium
1038 1434 1396 1494 inchoantibus,
1434 1445 1580 1480 totam

181 1527 289 1555 cum
312 1511 422 1573 ipsis
457 1511 516 1557 ad
554 1512 600 1556 id
625 1511 965 1575 perficiendum
991 1513 1281 1558 commoveri
1316 1512 1549 1558 civitatem
1566 1548 1577 1569 ,

180 1603 287 1632 cum
311 1587 548 1648 sequelam
580 1588 758 1634 nullam
797 1588 1055 1646 haberent,
1088 1590 1135 1634 in
1169 1590 1352 1634 irritum
1384 1599 1582 1634 conatus

181 1679 347 1709 eorum
386 1664 544 1723 cessit,
579 1674 626 1709 et
652 1681 706 1710 ex
736 1666 845 1728 ipsis
874 1675 1075 1727 quatuor
1110 1667 1232 1729 capti
1270 1666 1420 1728 capite
1462 1665 1581 1728 plexi

182 1751 304 1786 sunt.
340 1741 508 1786 Vivant
543 1758 654 1786 vero
696 1742 782 1804 ipsi
814 1744 946 1805 pueri
983 1743 1122 1804 regii,
1154 1752 1233 1787 aut
1269 1742 1400 1803 jussu
1440 1742 1582 1804 ipsius

183 1819 253 1863 sui
286 1819 417 1881 impii
452 1819 604 1881 patrui
640 1820 792 1864 necati
825 1821 943 1876 sint,
982 1821 1210 1865 incertum
1234 1818 1460 1874 habetur3
1501 1817 1581 1863 sed

182 1895 379 1940 alterum
402 1894 541 1956 longe
564 1896 856 1941 verisimilius
879 1896 1067 1953 exsistit,
1089 1896 1215 1957 quia,
1246 1894 1472 1957 quamdiu
1496 1895 1582 1956 ipsi

181 1972 447 2034 superstites
472 1981 601 2030 sunt,
632 1988 728 2016 non
758 1972 843 2017 erit
866 1973 949 2017 iste
975 1973 1177 2018 intrusus
1200 1988 1226 2018 a
1251 1970 1583 2017 rebellionibus

181 2057 225 2092 et
255 2047 562 2092 seditionibus
593 2048 724 2093 nullo
759 2048 904 2094 modo
929 2043 1142 2106 securus,
1172 2049 1301 2110 quod
1331 2064 1418 2093 nec
1442 2049 1581 2092 etiam

184 2125 293 2187 ipsis
315 2125 547 2170 exstinctis
578 2125 741 2187 procul
775 2124 940 2183 dubio,
965 2134 1139 2171 attenta
1169 2125 1403 2188 pronitate
1427 2140 1581 2187 popu-

182 2201 336 2246 lorum
362 2201 482 2246 illius
514 2201 642 2262 regni
675 2201 732 2246 ad
768 2201 1019 2247 seditiones
1047 2211 1092 2246 et
1125 2201 1374 2260 sactiones,
1403 2200 1582 2245 futurus

181 2277 281 2322 erit.
1145 2269 1149 2273 ⁴

248 2357 350 2399 Non
375 2355 501 2400 enim
528 2371 704 2400 novum
729 2364 796 2400 est
819 2364 899 2400 aut
922 2371 1082 2400 recens
1102 2355 1222 2401 illius
1241 2356 1404 2418 populi
1424 2370 1576 2415 regeS,

184 2433 423 2478 concitatis
447 2432 694 2478 adversum
718 2448 764 2477 se
789 2432 1123 2491 seditionibus,
1146 2433 1217 2477 vel
1242 2433 1490 2477 exstinctos
1510 2432 1579 2475 x‘el

240 2600 274 2633 1.
308 2598 467 2635 Thomas
492 2599 694 2636 Rotheram
710 2628 719 2643 ‚
746 2600 982 2650 archeveque
1012 2601 1152 2636 ‹l'York
1168 2629 1176 2644 ‚
1213 2609 1246 2635 et
1284 2599 1381 2637 John
1404 2601 1550 2634 Mormn
1570 2629 1577 2639 ,

187 2659 328 2709 eveque
346 2659 465 2706 d'Ely.
