1875 2956
663 190 802 226 LIBER
833 191 1032 227 SEXTUS.
1500 196 1547 230 03

154 284 324 337 ageret,
346 284 407 332 et,
434 275 697 323 devotionis
721 294 774 324 ac
801 278 1068 324 reverentiae
1096 277 1156 323 ad
1181 278 1402 323 eumdem
1426 280 1547 341 lega-

154 361 252 396 tum
289 353 462 413 gratia,
505 353 617 399 dicti
662 354 721 400 de
763 354 952 400 Medicis
990 369 1098 399 cum
1136 354 1384 399 innumera
1418 372 1548 417 paene

152 426 502 474 honorabilium
525 430 696 475 civium
720 429 920 475 aliorum
939 428 1238 474 multitudine
1258 429 1318 474 ad
1338 429 1550 491 hujusce-

152 504 282 549 modi
306 506 534 569 templum
570 507 921 565 adventassent,
958 504 1114 550 subito
1151 506 1198 550 in
1234 521 1344 565 eos,
1381 506 1462 568 qui
1491 507 1549 553 de

155 582 301 627 Passis
325 592 371 627 et
403 599 568 628 eorum
595 582 920 643 conjuratione
954 582 1047 628 illic
1071 598 1127 628 ex
1150 583 1415 645 composito
1440 583 1548 628 ade-

150 667 286 711 rant,
331 658 546 704 districtis
589 658 729 704 armis
773 658 1050 720 gladiisque,
1099 667 1239 720 atque
1277 658 1549 705 satellitibus

151 734 328 796 stipati,
356 735 604 793 irruerunt,
635 745 679 780 et
700 735 939 780 Julianum
966 734 1158 797 quidem
1185 735 1305 780 intra
1333 736 1548 781 eamdem

149 808 387 857 basilicam
433 810 757 870 trucidarunt3
804 812 1107 858 Laurentium
1152 828 1265 857 vero
1286 848 1297 869 ‚
1340 812 1548 874 ejusdem

151 903 424 947 germanum
444 924 456 947 ,
499 888 671 951 pariter
703 889 843 935 etiam
875 898 1111 935 tentarunt
1143 889 1372 934 occidere.
1422 890 1544 950 Qui,

149 979 236 1025 pro
274 966 481 1025 germani
512 965 582 1011 sui
609 975 703 1011 tam
727 965 965 1012 horrenda
1000 975 1047 1011 et
1079 966 1298 1027 sacrilega
1328 983 1542 1030 perempm

150 1039 303 1098 tione,
338 1041 514 1102 ingenti
559 1051 721 1087 exorto
756 1042 961 1088 clamore
1007 1052 1053 1088 et
1100 1042 1305 1087 tumultu
1340 1044 1542 1101 excitus,

150 1117 312 1162 mortis
335 1118 595 1179 perieulum
624 1119 864 1165 declinans
892 1129 937 1164 et
963 1118 1023 1165 ad
1051 1120 1306 1165 sacriSIIam
1338 1120 1548 1165 celeriter

149 1207 418 1253 accurrens,
462 1196 507 1240 in
542 1211 645 1241 eam
679 1212 726 1240 se
758 1198 957 1259 recepit,
1002 1205 1077 1255 et,
1117 1195 1342 1242 obseratis
1370 1196 1548 1243 foribus

148 1268 355 1330 ejusdem
377 1307 388 1329 ‚
430 1271 521 1316 illic
558 1271 822 1334 praesidium
864 1272 1147 1318 defensionis
1183 1272 1416 1331 invenit¹‚
1457 1272 1546 1318 levi

147 1353 304 1390 tamen
336 1348 548 1409 perprius
578 1358 772 1410 accepto
806 1348 998 1392 vulnere
1026 1364 1053 1393 a
1087 1348 1318 1408 sacrilegis
1343 1349 1543 1407 sicariis,

147 1421 226 1481 qui
250 1421 341 1466 illic
363 1438 461 1467 sese
482 1423 695 1468 occulere
717 1422 993 1485 potuissent.

211 1499 329 1543 Cum
361 1507 517 1544 autem
560 1498 698 1560 hujus
735 1508 831 1543 iam
860 1497 1051 1544 nefandi
1084 1507 1130 1543 et
1152 1499 1333 1544 cunctis
1364 1499 1546 1546 abomi-

146 1572 291 1619 nandi
315 1575 498 1620 sceleris
524 1574 647 1620 fama
677 1574 801 1619 illico
823 1583 970 1620 totam
996 1575 1254 1638 implesset²
1284 1576 1542 1638 civitatem,

145 1666 399 1697 concursus
421 1651 630 1714 undique
649 1653 821 1698 civium
844 1662 1133 1698 armatorum
1150 1652 1296 1698 factus
1319 1663 1402 1699 est.
1427 1656 1542 1714 Qui,

146 1744 468 1791 quoscumque
502 1731 754 1793 complices
798 1731 919 1777 illius
954 1731 1167 1778 nefandae
1209 1731 1547 1793 conjurationis

147 1803 312 1851 obvios
338 1805 511 1852 habere
529 1816 806 1870 potuerunt,
833 1808 906 1854 vel
929 1807 1246 1867 trucidarunt,
1275 1809 1348 1854 vel
1372 1811 1544 1855 carceri

146 1889 191 1925 et
218 1882 438 1928 custodiae
463 1884 872 1946 manciparunt....
889 1886 901 1907 3
927 1884 1084 1945 fugam
1118 1886 1414 1948 arripientes,
1442 1886 1545 1947 qui-

145 1955 234 2002 bus
255 1958 315 2004 ad
358 1959 448 2005 tale
482 1960 748 2023 praesidium
778 1961 907 2007 licuit
925 1962 1190 2024 pervenire,
1231 1971 1283 2007 ut
1324 1972 1370 2008 et
1388 1979 1544 2026 perse-

147 2037 392 2097 quentium
431 2053 511 2083 eos
548 2037 767 2084 manibus
796 2038 1111 2099 elaberentur,
1151 2039 1346 2086 minime
1384 2039 1546 2103 depre=

143 2110 358 2159 hensi....

199 2285 234 2321 1.
267 2286 350 2321 Une
375 2285 596 2336 inscription
624 2287 762 2337 gravee
792 2294 924 2323 contre
953 2285 987 2322 la
1018 2294 1126 2335 porte
1154 2286 1202 2323 de
1226 2287 1262 2323 la
1291 2286 1457 2325 sacristie
1480 2287 1544 2336 qui

149 2352 202 2379 est
226 2346 246 2380 Ξι
265 2345 404 2391 droite‚
426 2360 512 2383 sous
532 2348 567 2384 la
587 2349 746 2398 coupole
766 2347 811 2384 de
836 2347 1102 2385 Sajnte-Marie
1126 2346 1186 2383 del
1213 2348 1339 2396 Fiore,
1363 2348 1544 2398 perpetue

150 2405 182 2441 la
201 2408 380 2445 memoire
400 2410 445 2446 de
466 2418 524 2447 cet
546 2411 783 2448 evenement.

200 2469 236 2505 2.
269 2474 463 2519 Impresset
481 2472 574 2509 dans
593 2473 627 2509 le
648 2486 717 2510 ms.

201 2532 237 2569 3.
267 2535 350 2570 Une
374 2534 629 2572 circonstance
656 2535 883 2585 importante
909 2535 959 2572 du
988 2535 1081 2572 recit
1107 2547 1130 2572 a
1157 2535 1215 2571 ete'
1245 2534 1362 2571 ornis-e
1391 2533 1482 2569 dans
1508 2534 1541 2569 la

150 2595 410 2645 transcription
429 2597 479 2632 du
499 2610 587 2643 ms„
609 2606 645 2633 et
664 2597 758 2634 rend
777 2597 1030 2646 insignifiante
1052 2597 1085 2632 la
1105 2596 1241 2645 phrase
1259 2596 1429 2632 suivante
1443 2624 1452 2640 ,
1477 2596 1541 2644 qm·

152 2663 204 2690 cst
225 2655 409 2693 d’ailleurs
428 2658 642 2694 elle-meme
667 2658 905 2707 incomplete.
