1875 2956
738 222 881 259 LiBER
921 223 1115 259 SEXTUS.
1584 230 1630 264 19

230 309 436 370 gardiam
457 309 716 373 [haberet]‚
742 313 880 357 etiam
905 311 1056 356 inanis
1069 318 1207 371 atque
1227 309 1326 354 sine
1342 309 1490 355 fructu
1509 314 1631 358 Gan-

230 382 426 442 davum,
454 387 659 429 reverso¹
680 385 870 442 itinere,
911 384 1063 429 rediit.

699 547 1037 593 CAPITULUM
1071 549 1151 592 VI.

227 666 277 697 De
297 665 466 710 legatione
487 664 705 710 imperatoris
721 664 896 698 Frederici
913 664 1016 698 missa
1041 664 1249 698 Gandarum
1262 692 1272 707 ,
1294 675 1326 700 et
1345 666 1388 700 de
1410 670 1636 705 matrimonio

276 719 365 752 inter
399 719 662 765 principissam,
692 728 894 764 praesentem
911 746 920 762 ‚
957 727 989 752 et
1017 720 1319 764 Maximilianum,
1354 735 1417 768 per
1444 725 1634 770 legitimum

272 785 534 821 procuratorem
550 803 556 820 ,
578 788 640 820 per
660 776 764 808 verba
781 775 824 808 de
841 775 1000 821 praesenti
1018 784 1211 812 contracto,

291 881 442 940 Unde,
470 898 578 926 cum
602 881 700 927 haec
723 882 786 927 ita
803 882 861 927 de
883 882 1168 945 principissae
1193 893 1311 929 statu
1346 902 1633 951 suarumque

226 968 455 1004 terrarum
496 958 582 1004 sub
632 960 766 1005 variis
807 959 1090 1022 opinionum
1136 960 1468 1008 humanarum
1499 964 1636 1011 affec-

227 1035 432 1091 tionibus
478 1035 784 1093 fluctuarent,
828 1035 1162 1082 illustrissimus
1203 1038 1497 1099 Fredericus,
1541 1041 1635 1086 dux

226 1112 415 1156 Austria¹
466 1114 880 1173 Romanorumque
926 1113 1196 1175 imperator,
1244 1133 1340 1161 non
1384 1118 1636 1164 immemor

226 1188 536 1249 sponsionum
561 1197 603 1232 et
632 1188 927 1250 pactionum,
959 1204 1061 1250 quae
1084 1190 1205 1235 inter
1233 1208 1280 1236 se
1313 1201 1359 1238 et
1385 1195 1631 1255 Caroluni,

226 1264 501 1308 defunctum
536 1274 716 1326 patrem
756 1264 965 1324 ejusdem
1003 1266 1311 1329 principissae,
1346 1270 1489 1331 paulo
1527 1282 1635 1318 ante

226 1339 395 1385 hahitae
430 1339 612 1386 fuerant
634 1342 673 1398 ²,
711 1341 817 1385 licet
854 1350 1032 1386 remote
1073 1358 1214 1402 agens
1248 1344 1376 1406 apud
1404 1346 1636 1393 Viennam

226 1416 435 1473 Austriae,
464 1415 639 1475 legatos
662 1431 771 1459 suos
808 1414 1054 1460 destinavit
1078 1417 1358 1464 Gandavum
1387 1421 1447 1466 ad
1468 1424 1638 1485 princi-

225 1492 395 1554 pissam
421 1500 466 1535 et
489 1490 737 1553 deputatos
771 1501 1001 1537 terrarum
1032 1509 1250 1555 suarum,
1293 1498 1397 1558 qui,
1431 1499 1497 1544 uti
1523 1500 1636 1547 dixi-

224 1585 351 1627 mus,
380 1568 460 1613 illo
484 1577 820 1613 convenerant.

290 1647 431 1690 Erant
475 1654 632 1690 autem
678 1645 959 1708 principales
999 1646 1045 1690 in
1084 1663 1138 1693 ea
1176 1649 1407 1711 legatione
1447 1654 1633 1702 illustris
1682 1706 1689 1713 x

226 1722 511 1780 Ludovicus,
541 1721 635 1766 dux
666 1722 892 1781 ssavariae,
931 1732 976 1767 et
1011 1724 1260 1787 episeopus
1285 1730 1519 1788 Metensis,
1549 1734 1631 1794 qui

224 1809 269 1844 et
292 1799 388 1861 ipse
411 1808 510 1844 erat
549 1798 608 1843 de
656 1798 818 1843 illustri
862 1799 1035 1845 familia
1075 1816 1130 1846 ae
1155 1805 1372 1866 prosapia
1396 1809 1630 1855 marchio-

278 1955 312 1990 1.
347 1952 471 1988 Plutot
493 1965 669 1989 remenso,

277 2017 314 2052 2.
346 2015 537 2059 L‘auteur,
552 2023 587 2050 et
603 2022 683 2050 tout
700 2014 734 2050 le
749 2014 886 2051 monde
895 2015 1047 2065 jusqu'a
1057 2029 1118 2053 ees
1132 2017 1300 2055 derniers
1315 2028 1449 2071 temps,
1466 2036 1487 2059 a
1499 2023 1630 2075 ignore

225 2076 314 2127 qu'il
328 2076 428 2112 avait
445 2076 503 2111 ete
518 2074 690 2124 question
706 2075 751 2111 de
766 2088 809 2112 ce
823 2077 987 2127 iliariage
1000 2077 1066 2114 des
1086 2078 1234 2116 l'annee
1255 2083 1372 2119 1470.
1390 2083 1476 2121 Cela
1492 2087 1630 2125 resulte

226 2140 289 2176 des
314 2139 462 2188 papiers
487 2131 610 2174 d'Etat
638 2151 712 2186 que
735 2138 964 2176 l'Acadeinie
983 2141 1182 2190 Iinperiale
1208 2142 1254 2178 (16
1274 2143 1417 2181 Vienne
1436 2160 1456 2183 a
1483 2148 1631 2197 publies

226 2202 453 2237 recemment
474 2212 559 2235 sous
579 2199 613 2235 16
633 2199 717 2234 tin-e
736 2199 782 2235 de
796 2202 1039 2237 Monamenta
1053 2201 1309 2253 Habsbzcrgica
1325 2209 1387 2251 (1¹²
1407 2217 1516 2254 sect.‚
1536 2219 1561 2246 t.
1580 2214 1626 2258 1).

224 2265 396 2311 Rompue
421 2262 529 2311 apres
561 2261 768 2297 l'entrevue
794 2262 840 2298 de
863 2264 1020 2308 Treves,
1048 2273 1145 2300 cette
1169 2265 1328 2304 alliance
1352 2268 1407 2304 fut
1425 2271 1560 2308 remise
1581 2286 1628 2308 en

226 2331 337 2359 avant
356 2325 376 2358 a
397 2322 431 2358 la
452 2322 538 2371 paix
558 2321 604 2357 de
622 2324 754 2367 Neuss,
776 2332 811 2359 et
830 2323 864 2359 le
885 2326 906 2360 6
922 2325 993 2361 mai
1016 2328 1117 2362 ‘1476
1143 2326 1176 2362 le
1195 2326 1268 2363 duc
1286 2328 1322 2364 la
1337 2329 1464 2379 publia
1484 2345 1631 2371 comme

228 2384 363 2420 devant
383 2397 421 2420 se
447 2384 537 2419 faire
556 2385 576 2419 a
596 2384 761 2433 Cologne
781 2387 801 2420 a
824 2386 857 2421 la
880 2387 931 2422 lin
952 2387 998 2422 de
1026 2387 1173 2425 l'annee
1188 2418 1197 2435 ,
1219 2389 1253 2424 le
1274 2389 1363 2435 jour
1382 2391 1428 2428 de
1448 2393 1483 2429 la
1506 2395 1627 2431 Saint-

230 2446 375 2482 Martin.
407 2446 504 2481 C‘est
524 2447 544 2481 a
563 2454 659 2482 cette
684 2446 916 2496 publication
941 2462 1015 2498 que
1034 2463 1073 2485 se
1094 2460 1315 2500 rapportent
1340 2454 1390 2490 les
1417 2457 1563 2504 paroles
1583 2458 1630 2494 de

227 2505 386 2542 Thomas
413 2507 538 2545 Basin.
570 2510 639 2543 Les
678 2508 898 2546 documents
933 2510 1161 2548 autrichiens
1189 2513 1431 2551 contiennent
1470 2517 1515 2553 (16
1547 2518 1631 2567 plus

231 2581 304 2603 une
331 2569 435 2604 lettre
464 2569 684 2619 desesperee
717 2571 764 2606 de
794 2570 827 2606 la
854 2571 1044 2620 princesse
1074 2574 1094 2608 a
1114 2588 1192 2610 ,son
1222 2576 1360 2619 fiancei,
1389 2590 1434 2613 en
1464 2580 1549 2616 date
1580 2581 1629 2617 du

231 2630 279 2664 26
300 2642 398 2665 mars
431 2633 547 2674 1477,
578 2644 674 2679 pour
700 2632 790 2680 qu'il
824 2645 862 2668 se
894 2646 1020 2681 presse
1045 2633 1092 2669 de
1123 2636 1242 2679 venir,
1275 2636 1330 2672 s⁷il
1362 2650 1408 2672 116
1443 2650 1526 2676 16111
1565 2656 1630 2692 μω

229 2690 364 2740 quelle
384 2691 452 2726 soit
476 2692 687 2741 depouillce
707 2693 752 2728 de
772 2706 839 2729 son
858 2694 1039 2743 lieritage.
