1875 2956
677 247 817 281 LIBER
846 248 1042 284 SEXTUS.
1511 253 1558 285 62>

165 342 353 377 cruenta
378 331 546 390 bestia,
573 336 831 378 Turcorum
850 334 1140 396 imperator¹,
1170 348 1225 377 ex
1248 333 1336 378 hae
1358 333 1557 380 instabili

163 409 290 467 luce,
318 409 365 453 in
392 425 501 471 qua,
530 408 643 453 dum
670 419 949 472 superesset,
976 419 1042 454 tot
1066 407 1267 455 nefanda
1290 418 1429 471 atque
1450 409 1560 454 lior-

164 485 309 531 renda
343 486 389 530 in
431 485 706 530 christianos
740 494 784 529 et
820 486 905 529 Dei
945 501 1103 530 servos
1137 484 1457 548 perpetrabat,
1502 487 1561 532 ad

164 563 411 607 exteriores
451 562 702 606 inferorum
756 560 971 606 tenebras
1006 562 1329 624 pertransivit,
1374 578 1559 625 poenaS,

163 655 278 700 quas
302 656 389 702 pro
410 639 502 685 suis
520 636 833 700 impietatibus
851 638 1126 700 promeruit,
1142 637 1267 700 justo
1282 638 1366 683 Dei
1383 638 1564 700 judicio

160 716 414 761 soluturus.

228 793 361 854 Atqui
380 792 650 854 priusquam
675 790 918 849 deficeret,
935 790 984 836 hi
1006 790 1086 852 qui
1103 790 1430 852 hujuscemodi
1455 792 1565 837 civi-

164 878 305 914 tatem
328 868 595 913 Odrontum
630 867 919 925 invaserant,
953 867 1093 912 etiam
1131 867 1358 913 nonnulla
1381 868 1566 914 castella

163 945 316 990 vicina
338 954 625 1008 occuparant
647 954 692 989 et
710 954 943 990 vastarant
960 981 970 1000 ,
997 944 1054 991 de
1079 944 1262 1007 praedis,
1289 961 1404 1007 quas
1422 945 1569 991 unde-

163 1037 364 1083 cumque
404 1021 648 1067 advectare
692 1030 932 1084 poterant,
976 1020 1245 1066 Odruntum
1282 1022 1561 1067 munientes.

164 1097 257 1139 Rex
297 1111 407 1140 vero
451 1095 799 1158 Neapolitanus,
848 1095 1010 1141 volens
1044 1094 1300 1158 prudenter
1333 1105 1562 1155 avertere,

164 1185 222 1213 nc
242 1169 512 1230 hujusmodi
534 1170 772 1232 inceptum
790 1169 925 1215 latius
944 1179 1281 1232 propagaretur
1295 1169 1562 1215 incendium

162 1245 207 1290 in
240 1261 383 1306 regno
402 1263 504 1304 suo,
529 1246 681 1292 statim
702 1246 877 1291 vicinas
897 1246 1102 1291 civitates
1127 1256 1170 1291 et
1194 1245 1378 1291 castella
1398 1245 1565 1290 milita-

164 1321 292 1366 ribus
323 1323 546 1384 praesidiis
588 1322 881 1367 communiit.
908 1321 1111 1367 Classem
1145 1323 1283 1367 etiam
1321 1321 1562 1379 instruxit,

163 1415 264 1460 quae
288 1398 546 1443 maritimos
566 1397 717 1443 aditus
729 1397 1000 1456 observans,
1022 1415 1080 1443 ne
1100 1414 1156 1443 ex
1170 1397 1348 1443 Graecia
1364 1397 1564 1459 majores

162 1473 307 1536 copiae
344 1476 602 1519 Turcorum
642 1483 722 1518 aut
758 1473 964 1520 subsidia
1001 1474 1273 1519 victualium
1303 1473 1375 1519 vel
1411 1489 1565 1519 armo-

162 1567 266 1596 rum
301 1550 469 1596 advehi
506 1560 723 1614 possent,
754 1551 1030 1614 impediret,
1064 1552 1126 1597 ita
1150 1551 1280 1614 quod
1309 1561 1432 1597 terra
1466 1567 1564 1598 ma-

161 1628 293 1690 rique
335 1628 487 1690 ipsos,
535 1627 616 1690 qui
656 1627 795 1691 primi
837 1644 1032 1689 regnum
1067 1629 1360 1687 invaserant,
1407 1628 1566 1690 quoad

162 1714 366 1767 poterat,
397 1704 682 1750 coarctabat.
711 1704 802 1750 Sed
824 1721 880 1750 eo
901 1722 998 1751 non
1014 1705 1232 1751 obstante
1249 1743 1260 1765 ,
1278 1706 1365 1769 ipsi
1387 1705 1562 1763 hostes,

162 1791 206 1826 et
242 1797 508 1839 armorum,
549 1791 594 1826 et,
634 1782 906 1827 victualium
946 1782 1154 1828 subsidia
1195 1782 1256 1828 ad
1304 1799 1413 1828 suos
1431 1819 1442 1841 ,
1486 1784 1566 1844 qui

162 1856 519 1919 quodammodo
537 1858 663 1903 velut
680 1857 853 1904 obsessi
871 1875 898 1905 a
913 1858 1121 1905 finitimis
1138 1860 1253 1905 locis
1266 1859 1563 1919 videbantur,

162 1935 397 1980 interdum
423 1934 734 1981 adduxerunt.
763 1935 946 1991 Quibus
980 1936 1220 1983 refocillati
1257 1946 1302 1982 et
1345 1937 1567 1983 audacio-

163 2028 233 2057 res
247 2011 419 2071 effecti,
447 2012 586 2058 etiam
608 2029 716 2058 cum
734 2013 868 2074 regiis
893 2013 1133 2073 militibus,
1155 2030 1210 2059 ex
1233 2014 1348 2059 locis
1367 2014 1565 2059 circum-

162 2088 324 2134 vicinis
375 2089 646 2150 aggregatis,
694 2102 994 2152 congressum
1039 2090 1337 2147 habuerunt3
1384 2092 1431 2136 in
1471 2108 1567 2154 quo

163 2165 318 2227 plures
338 2182 390 2211 ex
411 2166 562 2226 regiis,
580 2166 653 2211 vel
677 2168 816 2230 capti,
834 2169 907 2214 vel
930 2168 1031 2213 caesi
1058 2170 1362 2214 manserunt2.
1390 2172 1568 2214 Tenue-

164 2249 363 2301 runtque
392 2241 625 2285 civitatem
649 2256 733 2303 per
756 2250 901 2288 totam
924 2242 1145 2287 hiemem.
1176 2245 1280 2298 Qua
1309 2252 1563 2300 transacta,

165 2332 258 2373 rex,
284 2316 468 2379 adjutus
486 2317 658 2362 auxilio
678 2319 857 2363 Summi
878 2319 1116 2364 Pontifieis
1136 2319 1568 2381 nomiullorumque

165 2402 487 2453 potentatuum
511 2394 674 2453 Italiae,
710 2396 807 2457 qui,
831 2396 956 2441 velut
978 2395 1038 2441 ad
1061 2412 1313 2441 commune
1333 2396 1475 2441 totius
1496 2411 1570 2439 re-

219 2524 255 2557 1.
289 2521 475 2559 Maliomet
494 2526 550 2567 II,
573 2533 671 2560 niort
690 2524 725 2560 le
746 2527 767 2561 3
789 2526 861 2561 mai
883 2528 998 2563 1481.

221 2584 256 2618 2.
289 2584 429 2630 Quinzc
447 2594 550 2621 cents
572 2585 742 2622 homines
764 2587 929 2635 perirent
955 2600 1046 2623 avec
1068 2588 1148 2623 leur
1167 2587 1316 2637 general
1337 2585 1439 2621 Julcs
1458 2583 1569 2620 (l'Ac-

168 2643 328 2690 quaviva
359 2645 450 2681 dans
475 2655 572 2681 cette
609 2655 808 2683 rencontre
823 2676 832 2692 ‚
866 2649 929 2696 qui
964 2657 1025 2684 eut
1060 2649 1131 2684 lieu
1167 2662 1215 2684 au
1249 2654 1570 2683 commencemcnt

169 2705 213 2740 (le
235 2707 347 2742 1481.
370 2708 567 2755 Raynaldi,
593 2712 756 2744 Annales
780 2712 926 2755 eccles„
949 2718 975 2747 t.
998 2713 1075 2754 XI,
1098 2723 1136 2759 p.
1162 2712 1196 2746 5.
