<?xml version="1.0" encoding="UTF-8"?>
<!DOCTYPE html PUBLIC "-//W3C//DTD XHTML 1.0 Transitional//EN"
    "http://www.w3.org/TR/xhtml1/DTD/xhtml1-transitional.dtd">
<html xmlns="http://www.w3.org/1999/xhtml" xml:lang="en" lang="en">
 <head>
  <title>
</title>
<meta http-equiv="Content-Type" content="text/html;charset=utf-8" />
  <meta name='ocr-system' content='tesseract 3.04.00' />
  <meta name='ocr-capabilities' content='ocr_page ocr_carea ocr_par ocr_line ocrx_word'/>
</head>
<body>
  <div class='ocr_page' id='page_1' title='image "./histoiredesrgn03basi_0346.png"; bbox 0 0 1875 2956; ppageno 0'>
   <div class='ocr_carea' id='block_1_1' title="bbox 244 298 1083 343">
    <p class='ocr_par' dir='ltr' id='par_1_1' title="bbox 244 298 1083 343">
     <span class='ocr_line' id='line_1_1' title="bbox 244 298 1083 343; baseline 0.002 -11"><span class='ocrx_word' id='word_1_1' title='bbox 244 298 317 333; x_wconf 68' lang='lat'>294</span> <span class='ocrx_word' id='word_1_2' title='bbox 811 299 1053 334; x_wconf 70' lang='lat' dir='ltr'><strong>APOLOGIA</strong></span> <span class='ocrx_word' id='word_1_3' title='bbox 1075 329 1083 343; x_wconf 90' lang='lat'>,</span> 
     </span>
    </p>
   </div>
   <div class='ocr_carea' id='block_1_2' title="bbox 240 383 1654 2676">
    <p class='ocr_par' dir='ltr' id='par_1_2' title="bbox 240 383 1650 1526">
     <span class='ocr_line' id='line_1_2' title="bbox 244 383 1645 455; baseline 0.006 -25"><span class='ocrx_word' id='word_1_4' title='bbox 244 383 368 430; x_wconf 87' lang='lat' dir='ltr'>ditor</span> <span class='ocrx_word' id='word_1_5' title='bbox 403 395 513 431; x_wconf 86' lang='lat' dir='ltr'>tunc</span> <span class='ocrx_word' id='word_1_6' title='bbox 536 387 884 431; x_wconf 69' lang='lat' dir='ltr'>confessionum</span> <span class='ocrx_word' id='word_1_7' title='bbox 917 396 1044 445; x_wconf 87' lang='lat' dir='ltr'>erat,</span> <span class='ocrx_word' id='word_1_8' title='bbox 1083 385 1335 449; x_wconf 87' lang='lat' dir='ltr'>plurimum</span> <span class='ocrx_word' id='word_1_9' title='bbox 1379 401 1645 455; x_wconf 86' lang='lat' dir='ltr'>opportuna</span> 
     </span>
     <span class='ocr_line' id='line_1_3' title="bbox 243 461 1644 527; baseline 0.007 -23"><span class='ocrx_word' id='word_1_10' title='bbox 243 469 382 522; x_wconf 87' lang='lat' dir='ltr'>atque</span> <span class='ocrx_word' id='word_1_11' title='bbox 420 462 680 508; x_wconf 86' lang='lat' dir='ltr'>necessaria</span> <span class='ocrx_word' id='word_1_12' title='bbox 713 461 973 508; x_wconf 70' lang='lat' dir='ltr'>videbatur.</span> <span class='ocrx_word' id='word_1_13' title='bbox 1004 466 1123 508; x_wconf 81' lang='lat' dir='ltr'>Sane</span> <span class='ocrx_word' id='word_1_14' title='bbox 1146 479 1255 508; x_wconf 88' lang='lat' dir='ltr'>cum</span> <span class='ocrx_word' id='word_1_15' title='bbox 1289 481 1375 527; x_wconf 89' lang='lat' dir='ltr'>pro</span> <span class='ocrx_word' id='word_1_16' title='bbox 1397 483 1452 514; x_wconf 90' lang='lat' dir='ltr'>ea</span> <span class='ocrx_word' id='word_1_17' title='bbox 1473 485 1521 513; x_wconf 90' lang='lat' dir='ltr'>re</span> <span class='ocrx_word' id='word_1_18' title='bbox 1546 468 1644 513; x_wconf 86' lang='lat' dir='ltr'>viee</span> 
     </span>
     <span class='ocr_line' id='line_1_4' title="bbox 245 541 1643 606; baseline 0.005 -22"><span class='ocrx_word' id='word_1_19' title='bbox 245 549 420 599; x_wconf 83' lang='lat' dir='ltr'>nostra,</span> <span class='ocrx_word' id='word_1_20' title='bbox 439 550 623 603; x_wconf 90' lang='lat' dir='ltr'>captata</span> <span class='ocrx_word' id='word_1_21' title='bbox 636 541 1006 603; x_wconf 77' lang='lat' dir='ltr'>opportunitate,</span> <span class='ocrx_word' id='word_1_22' title='bbox 1029 542 1354 604; x_wconf 83' lang='lat' dir='ltr'>compellasset</span> <span class='ocrx_word' id='word_1_23' title='bbox 1370 559 1540 606; x_wconf 86' lang='lat' dir='ltr'>regem,</span> <span class='ocrx_word' id='word_1_24' title='bbox 1559 544 1643 591; x_wconf 89' lang='lat' dir='ltr'>be-</span> 
     </span>
     <span class='ocr_line' id='line_1_5' title="bbox 246 616 1640 683; baseline 0.005 -23"><span class='ocrx_word' id='word_1_25' title='bbox 246 616 441 677; x_wconf 89' lang='lat' dir='ltr'>nignum</span> <span class='ocrx_word' id='word_1_26' title='bbox 465 618 572 662; x_wconf 86' lang='lat' dir='ltr'>satis</span> <span class='ocrx_word' id='word_1_27' title='bbox 601 625 740 678; x_wconf 90' lang='lat' dir='ltr'>atque</span> <span class='ocrx_word' id='word_1_28' title='bbox 765 616 1030 662; x_wconf 87' lang='lat' dir='ltr'>humanum</span> <span class='ocrx_word' id='word_1_29' title='bbox 1065 633 1344 680; x_wconf 87' lang='lat' dir='ltr'>responsum</span> <span class='ocrx_word' id='word_1_30' title='bbox 1376 622 1640 683; x_wconf 85' lang='lat' dir='ltr'>reportavit.</span> 
     </span>
     <span class='ocr_line' id='line_1_6' title="bbox 244 695 1648 758; baseline 0.004 -19"><span class='ocrx_word' id='word_1_31' title='bbox 244 695 523 758; x_wconf 85' lang='lat' dir='ltr'>Simpliciter</span> <span class='ocrx_word' id='word_1_32' title='bbox 555 697 681 742; x_wconf 87' lang='lat' dir='ltr'>enim</span> <span class='ocrx_word' id='word_1_33' title='bbox 710 695 1003 742; x_wconf 87' lang='lat' dir='ltr'>concedebat</span> <span class='ocrx_word' id='word_1_34' title='bbox 1026 712 1103 740; x_wconf 80' lang='lat' dir='ltr'>rex</span> <span class='ocrx_word' id='word_1_35' title='bbox 1140 697 1416 743; x_wconf 79' lang='lat' dir='ltr'>reversionis</span> <span class='ocrx_word' id='word_1_36' title='bbox 1438 697 1485 743; x_wconf 91' lang='lat' dir='ltr'>in</span> <span class='ocrx_word' id='word_1_37' title='bbox 1512 701 1648 746; x_wconf 90' lang='lat' dir='ltr'>Fran-</span> 
     </span>
     <span class='ocr_line' id='line_1_7' title="bbox 245 772 1647 838; baseline 0.005 -23"><span class='ocrx_word' id='word_1_38' title='bbox 245 772 366 817; x_wconf 85' lang='lat' dir='ltr'>ciam</span> <span class='ocrx_word' id='word_1_39' title='bbox 390 782 435 816; x_wconf 89' lang='lat' dir='ltr'>et</span> <span class='ocrx_word' id='word_1_40' title='bbox 457 772 517 817; x_wconf 89' lang='lat' dir='ltr'>ad</span> <span class='ocrx_word' id='word_1_41' title='bbox 549 772 729 819; x_wconf 87' lang='lat' dir='ltr'>curiam</span> <span class='ocrx_word' id='word_1_42' title='bbox 755 789 887 820; x_wconf 88' lang='lat' dir='ltr'>suam</span> <span class='ocrx_word' id='word_1_43' title='bbox 913 772 1051 819; x_wconf 88' lang='lat' dir='ltr'>nobis</span> <span class='ocrx_word' id='word_1_44' title='bbox 1083 773 1347 820; x_wconf 86' lang='lat' dir='ltr'>facultatem</span> <span class='ocrx_word' id='word_1_45' title='bbox 1364 810 1375 832; x_wconf 83' lang='grc'><em>,</em></span> <span class='ocrx_word' id='word_1_46' title='bbox 1409 776 1647 838; x_wconf 86' lang='lat' dir='ltr'>promitte—</span> 
     </span>
     <span class='ocr_line' id='line_1_8' title="bbox 247 847 1647 914; baseline 0.004 -22"><span class='ocrx_word' id='word_1_47' title='bbox 247 847 446 910; x_wconf 83' lang='lat' dir='ltr'>batque,</span> <span class='ocrx_word' id='word_1_48' title='bbox 480 866 587 894; x_wconf 85' lang='lat' dir='ltr'>cum</span> <span class='ocrx_word' id='word_1_49' title='bbox 623 849 682 895; x_wconf 87' lang='lat' dir='ltr'>ad</span> <span class='ocrx_word' id='word_1_50' title='bbox 718 867 827 895; x_wconf 89' lang='lat' dir='ltr'>eum</span> <span class='ocrx_word' id='word_1_51' title='bbox 859 850 1157 909; x_wconf 79' lang='lat' dir='ltr'>veniremus,</span> <span class='ocrx_word' id='word_1_52' title='bbox 1197 867 1392 896; x_wconf 86' lang='lat' dir='ltr'>omnem</span> <span class='ocrx_word' id='word_1_53' title='bbox 1432 853 1647 914; x_wconf 52' lang='lat' dir='ltr'>praeteriti</span> 
     </span>
     <span class='ocr_line' id='line_1_9' title="bbox 245 923 1647 990; baseline 0.003 -20"><span class='ocrx_word' id='word_1_54' title='bbox 245 926 469 988; x_wconf 87' lang='lat' dir='ltr'>temporis</span> <span class='ocrx_word' id='word_1_55' title='bbox 495 926 769 972; x_wconf 86' lang='lat' dir='ltr'>condonare</span> <span class='ocrx_word' id='word_1_56' title='bbox 804 927 1047 989; x_wconf 86' lang='lat' dir='ltr'>injuriam,</span> <span class='ocrx_word' id='word_1_57' title='bbox 1082 944 1286 989; x_wconf 85' lang='lat' dir='ltr'>nosque,</span> <span class='ocrx_word' id='word_1_58' title='bbox 1320 923 1647 990; x_wconf 66' lang='lat' dir='ltr'>suaindigna—</span> 
     </span>
     <span class='ocr_line' id='line_1_10' title="bbox 246 1003 1643 1069; baseline 0.003 -22"><span class='ocrx_word' id='word_1_59' title='bbox 246 1003 372 1048; x_wconf 86' lang='lat' dir='ltr'>tione</span> <span class='ocrx_word' id='word_1_60' title='bbox 394 1013 629 1049; x_wconf 81' lang='lat' dir='ltr'>summota</span> <span class='ocrx_word' id='word_1_61' title='bbox 648 1013 692 1048; x_wconf 91' lang='lat' dir='ltr'>et</span> <span class='ocrx_word' id='word_1_62' title='bbox 711 1003 886 1050; x_wconf 87' lang='lat' dir='ltr'>abolita</span> <span class='ocrx_word' id='word_1_63' title='bbox 903 1040 914 1062; x_wconf 89' lang='lat'>,</span> <span class='ocrx_word' id='word_1_64' title='bbox 947 1005 1007 1050; x_wconf 89' lang='lat' dir='ltr'>ad</span> <span class='ocrx_word' id='word_1_65' title='bbox 1029 1006 1222 1066; x_wconf 84' lang='lat' dir='ltr'>gratiam</span> <span class='ocrx_word' id='word_1_66' title='bbox 1260 1021 1392 1051; x_wconf 88' lang='lat' dir='ltr'>suam</span> <span class='ocrx_word' id='word_1_67' title='bbox 1423 1006 1643 1069; x_wconf 88' lang='lat' dir='ltr'>recipere.</span> 
     </span>
     <span class='ocr_line' id='line_1_11' title="bbox 247 1080 1630 1145; baseline 0.004 -21"><span class='ocrx_word' id='word_1_68' title='bbox 247 1080 448 1141; x_wconf 75' lang='lat' dir='ltr'>injunxit</span> <span class='ocrx_word' id='word_1_69' title='bbox 476 1081 665 1144; x_wconf 90' lang='lat' dir='ltr'>insuper</span> <span class='ocrx_word' id='word_1_70' title='bbox 689 1082 880 1145; x_wconf 61' lang='lat' dir='ltr'>praefato</span> <span class='ocrx_word' id='word_1_71' title='bbox 904 1082 1157 1128; x_wconf 79' lang='lat' dir='ltr'>confessori</span> <span class='ocrx_word' id='word_1_72' title='bbox 1188 1099 1273 1127; x_wconf 89' lang='lat' dir='ltr'>suo</span> <span class='ocrx_word' id='word_1_73' title='bbox 1306 1092 1535 1144; x_wconf 88' lang='lat' dir='ltr'>quatenus</span> <span class='ocrx_word' id='word_1_74' title='bbox 1566 1083 1630 1129; x_wconf 88' lang='lat' dir='ltr'>hu</span> 
     </span>
     <span class='ocr_line' id='line_1_12' title="bbox 240 1156 1649 1221; baseline 0.002 -20"><span class='ocrx_word' id='word_1_75' title='bbox 240 1156 450 1218; x_wconf 79' lang='lat' dir='ltr'>jusmodi</span> <span class='ocrx_word' id='word_1_76' title='bbox 473 1173 605 1203; x_wconf 87' lang='lat' dir='ltr'>suam</span> <span class='ocrx_word' id='word_1_77' title='bbox 629 1158 986 1221; x_wconf 84' lang='lat' dir='ltr'>responsionem</span> <span class='ocrx_word' id='word_1_78' title='bbox 1009 1159 1069 1204; x_wconf 86' lang='lat' dir='ltr'>ad</span> <span class='ocrx_word' id='word_1_79' title='bbox 1096 1175 1183 1203; x_wconf 88' lang='lat' dir='ltr'>nos</span> <span class='ocrx_word' id='word_1_80' title='bbox 1216 1157 1507 1204; x_wconf 86' lang='lat' dir='ltr'>confidenter</span> <span class='ocrx_word' id='word_1_81' title='bbox 1540 1160 1649 1204; x_wconf 87' lang='lat' dir='ltr'>scri-</span> 
     </span>
     <span class='ocr_line' id='line_1_13' title="bbox 246 1233 1647 1297; baseline 0.003 -20"><span class='ocrx_word' id='word_1_82' title='bbox 246 1233 375 1278; x_wconf 81' lang='lat' dir='ltr'>beret</span> <span class='ocrx_word' id='word_1_83' title='bbox 411 1251 419 1277; x_wconf 92' lang='lat'>:</span> <span class='ocrx_word' id='word_1_84' title='bbox 451 1234 854 1295; x_wconf 84' lang='lat' dir='ltr'>quemadmodum</span> <span class='ocrx_word' id='word_1_85' title='bbox 893 1245 937 1280; x_wconf 90' lang='lat' dir='ltr'>et</span> <span class='ocrx_word' id='word_1_86' title='bbox 972 1236 1069 1297; x_wconf 88' lang='lat' dir='ltr'>ipse</span> <span class='ocrx_word' id='word_1_87' title='bbox 1104 1235 1253 1280; x_wconf 75' lang='lat' dir='ltr'>facere</span> <span class='ocrx_word' id='word_1_88' title='bbox 1293 1235 1486 1280; x_wconf 80' lang='lat' dir='ltr'>curavit.</span> <span class='ocrx_word' id='word_1_89' title='bbox 1533 1238 1647 1281; x_wconf 88' lang='lat' dir='ltr'>Nam</span> 
     </span>
     <span class='ocr_line' id='line_1_14' title="bbox 248 1310 1650 1373; baseline 0.003 -20"><span class='ocrx_word' id='word_1_90' title='bbox 248 1310 390 1355; x_wconf 80' lang='lat' dir='ltr'>trinas</span> <span class='ocrx_word' id='word_1_91' title='bbox 409 1311 626 1373; x_wconf 82' lang='lat' dir='ltr'>epistolas</span> <span class='ocrx_word' id='word_1_92' title='bbox 650 1312 788 1357; x_wconf 55' lang='lat' dir='ltr'>xariis</span> <span class='ocrx_word' id='word_1_93' title='bbox 807 1312 989 1357; x_wconf 81' lang='lat' dir='ltr'>vicibus</span> <span class='ocrx_word' id='word_1_94' title='bbox 1008 1311 1065 1357; x_wconf 81' lang='lat' dir='ltr'>ad</span> <span class='ocrx_word' id='word_1_95' title='bbox 1092 1328 1178 1357; x_wconf 89' lang='lat' dir='ltr'>nos</span> <span class='ocrx_word' id='word_1_96' title='bbox 1200 1312 1453 1357; x_wconf 82' lang='lat' dir='ltr'>transmisit</span> <span class='ocrx_word' id='word_1_97' title='bbox 1478 1311 1536 1357; x_wconf 90' lang='lat' dir='ltr'>de</span> <span class='ocrx_word' id='word_1_98' title='bbox 1561 1311 1650 1357; x_wconf 79' lang='lat' dir='ltr'>hac</span> 
     </span>
     <span class='ocr_line' id='line_1_15' title="bbox 249 1376 1646 1450; baseline 0.001 -19"><span class='ocrx_word' id='word_1_99' title='bbox 249 1389 394 1447; x_wconf 77' lang='lat' dir='ltr'>gratia</span> <span class='ocrx_word' id='word_1_100' title='bbox 427 1397 566 1450; x_wconf 86' lang='lat' dir='ltr'>atque</span> <span class='ocrx_word' id='word_1_101' title='bbox 595 1376 740 1433; x_wconf 63' lang='lat' dir='ltr'>exsilii</span> <span class='ocrx_word' id='word_1_102' title='bbox 774 1389 921 1433; x_wconf 87' lang='lat' dir='ltr'>nostri</span> <span class='ocrx_word' id='word_1_103' title='bbox 956 1388 1189 1433; x_wconf 88' lang='lat' dir='ltr'>solutione</span> <span class='ocrx_word' id='word_1_104' title='bbox 1227 1404 1305 1433; x_wconf 88' lang='lat' dir='ltr'>seu</span> <span class='ocrx_word' id='word_1_105' title='bbox 1338 1388 1646 1445; x_wconf 80' lang='lat' dir='ltr'>relaxatione,</span> 
     </span>
     <span class='ocr_line' id='line_1_16' title="bbox 249 1464 1086 1526; baseline 0.002 -19"><span class='ocrx_word' id='word_1_106' title='bbox 249 1479 364 1525; x_wconf 88' lang='lat' dir='ltr'>quas</span> <span class='ocrx_word' id='word_1_107' title='bbox 391 1464 517 1526; x_wconf 88' lang='lat' dir='ltr'>apud</span> <span class='ocrx_word' id='word_1_108' title='bbox 541 1481 627 1509; x_wconf 89' lang='lat' dir='ltr'>nos</span> <span class='ocrx_word' id='word_1_109' title='bbox 647 1465 801 1510; x_wconf 82' lang='lat' dir='ltr'>adhuc</span> <span class='ocrx_word' id='word_1_110' title='bbox 831 1481 1086 1511; x_wconf 70' lang='lat' dir='ltr'>servamus.</span> 
     </span>
    </p>

    <p class='ocr_par' dir='ltr' id='par_1_3' title="bbox 246 1540 1654 2676">
     <span class='ocr_line' id='line_1_17' title="bbox 314 1540 1651 1604; baseline 0.002 -20"><span class='ocrx_word' id='word_1_111' title='bbox 314 1540 497 1596; x_wconf 83' lang='lat' dir='ltr'>Quibus</span> <span class='ocrx_word' id='word_1_112' title='bbox 515 1542 737 1603; x_wconf 85' lang='lat' dir='ltr'>susceptis</span> <span class='ocrx_word' id='word_1_113' title='bbox 758 1552 800 1586; x_wconf 88' lang='lat' dir='ltr'>et</span> <span class='ocrx_word' id='word_1_114' title='bbox 818 1559 901 1604; x_wconf 87' lang='lat' dir='ltr'>per</span> <span class='ocrx_word' id='word_1_115' title='bbox 918 1558 994 1587; x_wconf 87' lang='lat' dir='ltr'>eas</span> <span class='ocrx_word' id='word_1_116' title='bbox 1018 1542 1208 1603; x_wconf 82' lang='lat' dir='ltr'>cognito</span> <span class='ocrx_word' id='word_1_117' title='bbox 1228 1541 1435 1603; x_wconf 88' lang='lat' dir='ltr'>benigno</span> <span class='ocrx_word' id='word_1_118' title='bbox 1459 1552 1503 1587; x_wconf 91' lang='lat' dir='ltr'>et</span> <span class='ocrx_word' id='word_1_119' title='bbox 1523 1558 1651 1587; x_wconf 86' lang='lat' dir='ltr'>man-</span> 
     </span>
     <span class='ocr_line' id='line_1_18' title="bbox 249 1617 1651 1680; baseline 0.002 -19"><span class='ocrx_word' id='word_1_120' title='bbox 249 1627 381 1661; x_wconf 83' lang='lat' dir='ltr'>sueto</span> <span class='ocrx_word' id='word_1_121' title='bbox 411 1617 529 1678; x_wconf 84' lang='lat' dir='ltr'>regis</span> <span class='ocrx_word' id='word_1_122' title='bbox 562 1634 810 1680; x_wconf 84' lang='lat' dir='ltr'>responso,</span> <span class='ocrx_word' id='word_1_123' title='bbox 845 1618 986 1679; x_wconf 72' lang='lat' dir='ltr'>gavisi</span> <span class='ocrx_word' id='word_1_124' title='bbox 1020 1628 1065 1662; x_wconf 89' lang='lat' dir='ltr'>et</span> <span class='ocrx_word' id='word_1_125' title='bbox 1098 1618 1339 1664; x_wconf 80' lang='lat' dir='ltr'>exhilarati</span> <span class='ocrx_word' id='word_1_126' title='bbox 1373 1618 1507 1663; x_wconf 72' lang='lat' dir='ltr'>valde</span> <span class='ocrx_word' id='word_1_127' title='bbox 1542 1619 1651 1664; x_wconf 89' lang='lat' dir='ltr'>inde</span> 
     </span>
     <span class='ocr_line' id='line_1_19' title="bbox 248 1693 1650 1757; baseline 0.002 -20"><span class='ocrx_word' id='word_1_128' title='bbox 248 1693 434 1738; x_wconf 84' lang='lat' dir='ltr'>suimus.</span> <span class='ocrx_word' id='word_1_129' title='bbox 466 1696 571 1738; x_wconf 86' lang='lat' dir='ltr'>Erat</span> <span class='ocrx_word' id='word_1_130' title='bbox 601 1695 724 1739; x_wconf 76' lang='lat' dir='ltr'>circa</span> <span class='ocrx_word' id='word_1_131' title='bbox 754 1695 920 1739; x_wconf 85' lang='lat' dir='ltr'>festum</span> <span class='ocrx_word' id='word_1_132' title='bbox 949 1694 1285 1757; x_wconf 80' lang='lat' dir='ltr'>purificationis</span> <span class='ocrx_word' id='word_1_133' title='bbox 1307 1694 1451 1740; x_wconf 78' lang='lat' dir='ltr'>beata·</span> <span class='ocrx_word' id='word_1_134' title='bbox 1475 1696 1650 1740; x_wconf 81' lang='lat' dir='ltr'>Mariae¹</span> 
     </span>
     <span class='ocr_line' id='line_1_20' title="bbox 250 1767 1652 1833; baseline 0.001 -19"><span class='ocrx_word' id='word_1_135' title='bbox 250 1767 777 1831; x_wconf 84' lang='lat' dir='ltr'>quandohujuscemodi</span> <span class='ocrx_word' id='word_1_136' title='bbox 793 1780 943 1831; x_wconf 88' lang='lat' dir='ltr'>gratas</span> <span class='ocrx_word' id='word_1_137' title='bbox 952 1769 1090 1814; x_wconf 90' lang='lat' dir='ltr'>nobis</span> <span class='ocrx_word' id='word_1_138' title='bbox 1101 1771 1465 1833; x_wconf 85' lang='lat' dir='ltr'>etperjucundas</span> <span class='ocrx_word' id='word_1_139' title='bbox 1479 1771 1652 1816; x_wconf 85' lang='lat' dir='ltr'>litteras</span> 
     </span>
     <span class='ocr_line' id='line_1_21' title="bbox 250 1846 1653 1910; baseline 0.001 -19"><span class='ocrx_word' id='word_1_140' title='bbox 250 1847 527 1910; x_wconf 86' lang='lat' dir='ltr'>recepimus.</span> <span class='ocrx_word' id='word_1_141' title='bbox 547 1849 602 1890; x_wconf 85' lang='lat' dir='ltr'>Et</span> <span class='ocrx_word' id='word_1_142' title='bbox 614 1847 723 1908; x_wconf 89' lang='lat' dir='ltr'>quia</span> <span class='ocrx_word' id='word_1_143' title='bbox 737 1847 954 1891; x_wconf 87' lang='lat' dir='ltr'>nondum</span> <span class='ocrx_word' id='word_1_144' title='bbox 965 1847 1142 1892; x_wconf 84' lang='lat' dir='ltr'>calores</span> <span class='ocrx_word' id='word_1_145' title='bbox 1153 1847 1335 1892; x_wconf 88' lang='lat' dir='ltr'>molesti</span> <span class='ocrx_word' id='word_1_146' title='bbox 1348 1847 1420 1891; x_wconf 89' lang='lat' dir='ltr'>vel</span> <span class='ocrx_word' id='word_1_147' title='bbox 1428 1846 1488 1892; x_wconf 88' lang='lat' dir='ltr'>ad</span> <span class='ocrx_word' id='word_1_148' title='bbox 1504 1847 1653 1892; x_wconf 89' lang='lat' dir='ltr'>seren—</span> 
     </span>
     <span class='ocr_line' id='line_1_22' title="bbox 250 1922 1653 1986; baseline 0.001 -19"><span class='ocrx_word' id='word_1_149' title='bbox 250 1924 363 1967; x_wconf 80' lang='lat' dir='ltr'>dum</span> <span class='ocrx_word' id='word_1_150' title='bbox 385 1922 597 1967; x_wconf 83' lang='lat' dir='ltr'>difficiles</span> <span class='ocrx_word' id='word_1_151' title='bbox 621 1932 732 1967; x_wconf 86' lang='lat' dir='ltr'>tunc</span> <span class='ocrx_word' id='word_1_152' title='bbox 751 1932 909 1981; x_wconf 88' lang='lat' dir='ltr'>erant,</span> <span class='ocrx_word' id='word_1_153' title='bbox 938 1922 1175 1968; x_wconf 88' lang='lat' dir='ltr'>studentes</span> <span class='ocrx_word' id='word_1_154' title='bbox 1203 1923 1481 1986; x_wconf 85' lang='lat' dir='ltr'>ampliorem</span> <span class='ocrx_word' id='word_1_155' title='bbox 1503 1939 1530 1968; x_wconf 88' lang='lat' dir='ltr'>a</span> <span class='ocrx_word' id='word_1_156' title='bbox 1547 1939 1653 1985; x_wconf 87' lang='lat' dir='ltr'>rege</span> 
     </span>
     <span class='ocr_line' id='line_1_23' title="bbox 249 1999 1654 2062; baseline 0.003 -19"><span class='ocrx_word' id='word_1_157' title='bbox 249 2001 443 2061; x_wconf 78' lang='lat' dir='ltr'>gratiam</span> <span class='ocrx_word' id='word_1_158' title='bbox 476 2000 733 2062; x_wconf 80' lang='lat' dir='ltr'>promereri</span> <span class='ocrx_word' id='word_1_159' title='bbox 772 2000 914 2062; x_wconf 87' lang='lat' dir='ltr'>paulo</span> <span class='ocrx_word' id='word_1_160' title='bbox 944 1999 1116 2044; x_wconf 86' lang='lat' dir='ltr'>diutius</span> <span class='ocrx_word' id='word_1_161' title='bbox 1145 2000 1237 2044; x_wconf 89' lang='lat' dir='ltr'>illic</span> <span class='ocrx_word' id='word_1_162' title='bbox 1263 2016 1348 2045; x_wconf 89' lang='lat' dir='ltr'>suo</span> <span class='ocrx_word' id='word_1_163' title='bbox 1379 2000 1534 2046; x_wconf 89' lang='lat' dir='ltr'>adhuc</span> <span class='ocrx_word' id='word_1_164' title='bbox 1563 2018 1654 2047; x_wconf 88' lang='lat' dir='ltr'>ser-</span> 
     </span>
     <span class='ocr_line' id='line_1_24' title="bbox 247 2075 1653 2139; baseline 0.001 -19"><span class='ocrx_word' id='word_1_165' title='bbox 247 2077 360 2121; x_wconf 61' lang='lat' dir='ltr'>x‘itio</span> <span class='ocrx_word' id='word_1_166' title='bbox 400 2076 675 2136; x_wconf 87' lang='lat' dir='ltr'>insistendo,</span> <span class='ocrx_word' id='word_1_167' title='bbox 703 2075 789 2121; x_wconf 88' lang='lat' dir='ltr'>sibi</span> <span class='ocrx_word' id='word_1_168' title='bbox 825 2077 1093 2139; x_wconf 88' lang='lat' dir='ltr'>scripsimus</span> <span class='ocrx_word' id='word_1_169' title='bbox 1128 2077 1326 2138; x_wconf 85' lang='lat' dir='ltr'>qualiter</span> <span class='ocrx_word' id='word_1_170' title='bbox 1365 2076 1520 2122; x_wconf 85' lang='lat' dir='ltr'>adhuc</span> <span class='ocrx_word' id='word_1_171' title='bbox 1559 2077 1653 2122; x_wconf 88' lang='lat' dir='ltr'>illic</span> 
     </span>
     <span class='ocr_line' id='line_1_25' title="bbox 249 2153 1651 2216; baseline 0.001 -19"><span class='ocrx_word' id='word_1_172' title='bbox 249 2170 394 2214; x_wconf 84' lang='lat' dir='ltr'>usque</span> <span class='ocrx_word' id='word_1_173' title='bbox 436 2154 495 2199; x_wconf 89' lang='lat' dir='ltr'>ad</span> <span class='ocrx_word' id='word_1_174' title='bbox 530 2154 797 2216; x_wconf 77' lang='lat' dir='ltr'>proximum</span> <span class='ocrx_word' id='word_1_175' title='bbox 834 2153 1008 2199; x_wconf 86' lang='lat' dir='ltr'>Pascha</span> <span class='ocrx_word' id='word_1_176' title='bbox 1043 2153 1240 2199; x_wconf 84' lang='lat' dir='ltr'>libenter</span> <span class='ocrx_word' id='word_1_177' title='bbox 1277 2154 1323 2198; x_wconf 92' lang='lat' dir='ltr'>in</span> <span class='ocrx_word' id='word_1_178' title='bbox 1353 2171 1438 2198; x_wconf 83' lang='lat' dir='ltr'>suo</span> <span class='ocrx_word' id='word_1_179' title='bbox 1465 2154 1651 2198; x_wconf 85' lang='lat' dir='ltr'>servitio</span> 
     </span>
     <span class='ocr_line' id='line_1_26' title="bbox 249 2230 1653 2293; baseline 0.001 -19"><span class='ocrx_word' id='word_1_180' title='bbox 249 2247 560 2287; x_wconf 82' lang='lat' dir='ltr'>moraremur,</span> <span class='ocrx_word' id='word_1_181' title='bbox 596 2248 703 2276; x_wconf 80' lang='lat' dir='ltr'>cuni</span> <span class='ocrx_word' id='word_1_182' title='bbox 742 2241 850 2276; x_wconf 83' lang='lat' dir='ltr'>ante</span> <span class='ocrx_word' id='word_1_183' title='bbox 886 2230 1053 2275; x_wconf 81' lang='lat' dir='ltr'>festum</span> <span class='ocrx_word' id='word_1_184' title='bbox 1078 2230 1349 2292; x_wconf 89' lang='lat' dir='ltr'>hujusmodi</span> <span class='ocrx_word' id='word_1_185' title='bbox 1388 2230 1496 2275; x_wconf 84' lang='lat' dir='ltr'>satis</span> <span class='ocrx_word' id='word_1_186' title='bbox 1524 2241 1653 2293; x_wconf 85' lang='lat' dir='ltr'>puta-</span> 
     </span>
     <span class='ocr_line' id='line_1_27' title="bbox 250 2306 1653 2370; baseline -0.001 -17"><span class='ocrx_word' id='word_1_187' title='bbox 250 2325 403 2353; x_wconf 75' lang='lat' dir='ltr'>remus</span> <span class='ocrx_word' id='word_1_188' title='bbox 434 2325 520 2351; x_wconf 88' lang='lat' dir='ltr'>nos</span> <span class='ocrx_word' id='word_1_189' title='bbox 545 2325 679 2370; x_wconf 64' lang='lat' dir='ltr'>posse</span> <span class='ocrx_word' id='word_1_190' title='bbox 704 2308 906 2370; x_wconf 65' lang='lat' dir='ltr'>perferre</span> <span class='ocrx_word' id='word_1_191' title='bbox 940 2307 1117 2351; x_wconf 87' lang='lat' dir='ltr'>calores</span> <span class='ocrx_word' id='word_1_192' title='bbox 1142 2307 1298 2369; x_wconf 78' lang='lat' dir='ltr'>patriae</span> <span class='ocrx_word' id='word_1_193' title='bbox 1329 2306 1505 2367; x_wconf 78' lang='lat' dir='ltr'>absque</span> <span class='ocrx_word' id='word_1_194' title='bbox 1536 2308 1653 2369; x_wconf 82' lang='lat' dir='ltr'>peri-</span> 
     </span>
     <span class='ocr_line' id='line_1_28' title="bbox 246 2382 1651 2443; baseline 0 -15"><span class='ocrx_word' id='word_1_195' title='bbox 246 2384 377 2440; x_wconf 79' lang='lat' dir='ltr'>culo3</span> <span class='ocrx_word' id='word_1_196' title='bbox 405 2394 516 2427; x_wconf 91' lang='lat' dir='ltr'>tunc</span> <span class='ocrx_word' id='word_1_197' title='bbox 536 2393 691 2428; x_wconf 85' lang='lat' dir='ltr'>autem</span> <span class='ocrx_word' id='word_1_198' title='bbox 717 2383 776 2427; x_wconf 87' lang='lat' dir='ltr'>ad</span> <span class='ocrx_word' id='word_1_199' title='bbox 795 2399 926 2427; x_wconf 89' lang='lat' dir='ltr'>suam</span> <span class='ocrx_word' id='word_1_200' title='bbox 948 2382 1235 2443; x_wconf 85' lang='lat' dir='ltr'>majestatem</span> <span class='ocrx_word' id='word_1_201' title='bbox 1253 2382 1507 2427; x_wconf 85' lang='lat' dir='ltr'>accedendi</span> <span class='ocrx_word' id='word_1_202' title='bbox 1521 2383 1651 2443; x_wconf 78' lang='lat' dir='ltr'>juxta</span> 
     </span>
     <span class='ocr_line' id='line_1_29' title="bbox 248 2459 1652 2523; baseline -0.001 -18"><span class='ocrx_word' id='word_1_203' title='bbox 248 2461 444 2523; x_wconf 84' lang='lat' dir='ltr'>gratiam</span> <span class='ocrx_word' id='word_1_204' title='bbox 482 2476 509 2505; x_wconf 85' lang='lat' dir='ltr'>a</span> <span class='ocrx_word' id='word_1_205' title='bbox 545 2478 591 2504; x_wconf 85' lang='lat' dir='ltr'>se</span> <span class='ocrx_word' id='word_1_206' title='bbox 619 2459 755 2505; x_wconf 86' lang='lat' dir='ltr'>nobis</span> <span class='ocrx_word' id='word_1_207' title='bbox 779 2459 1008 2504; x_wconf 81' lang='lat' dir='ltr'>indultam</span> <span class='ocrx_word' id='word_1_208' title='bbox 1038 2460 1140 2517; x_wconf 87' lang='lat' dir='ltr'>iter,</span> <span class='ocrx_word' id='word_1_209' title='bbox 1179 2462 1278 2504; x_wconf 86' lang='lat' dir='ltr'>Deo</span> <span class='ocrx_word' id='word_1_210' title='bbox 1314 2460 1512 2518; x_wconf 69' lang='lat' dir='ltr'>favente,</span> <span class='ocrx_word' id='word_1_211' title='bbox 1541 2460 1652 2505; x_wconf 88' lang='lat' dir='ltr'>arri-</span> 
     </span>
     <span class='ocr_line' id='line_1_30' title="bbox 250 2535 1644 2600; baseline 0 -19"><span class='ocrx_word' id='word_1_212' title='bbox 250 2553 485 2600; x_wconf 84' lang='lat' dir='ltr'>peremus,</span> <span class='ocrx_word' id='word_1_213' title='bbox 512 2553 599 2599; x_wconf 83' lang='lat' dir='ltr'>pro</span> <span class='ocrx_word' id='word_1_214' title='bbox 633 2552 726 2598; x_wconf 88' lang='lat' dir='ltr'>qua</span> <span class='ocrx_word' id='word_1_215' title='bbox 761 2536 971 2596; x_wconf 81' lang='lat' dir='ltr'>ingentes</span> <span class='ocrx_word' id='word_1_216' title='bbox 997 2535 1149 2580; x_wconf 80' lang='lat' dir='ltr'>eidem</span> <span class='ocrx_word' id='word_1_217' title='bbox 1175 2536 1342 2596; x_wconf 83' lang='lat' dir='ltr'>gratias</span> <span class='ocrx_word' id='word_1_218' title='bbox 1377 2535 1644 2596; x_wconf 73' lang='lat' dir='ltr'>agebamus.</span> 
     </span>
     <span class='ocr_line' id='line_1_31' title="bbox 248 2613 1649 2676; baseline 0 -19"><span class='ocrx_word' id='word_1_219' title='bbox 248 2618 313 2658; x_wconf 91' lang='lat' dir='ltr'>lta</span> <span class='ocrx_word' id='word_1_220' title='bbox 337 2613 464 2658; x_wconf 88' lang='lat' dir='ltr'>enim</span> <span class='ocrx_word' id='word_1_221' title='bbox 493 2629 596 2658; x_wconf 88' lang='lat' dir='ltr'>eam</span> <span class='ocrx_word' id='word_1_222' title='bbox 621 2613 855 2676; x_wconf 85' lang='lat' dir='ltr'>appellare</span> <span class='ocrx_word' id='word_1_223' title='bbox 889 2628 1074 2657; x_wconf 82' lang='lat' dir='ltr'>necesse</span> <span class='ocrx_word' id='word_1_224' title='bbox 1101 2622 1167 2657; x_wconf 90' lang='lat' dir='ltr'>est</span> <span class='ocrx_word' id='word_1_225' title='bbox 1197 2613 1261 2657; x_wconf 88' lang='lat' dir='ltr'>eis</span> <span class='ocrx_word' id='word_1_226' title='bbox 1291 2614 1371 2674; x_wconf 87' lang='lat' dir='ltr'>qui</span> <span class='ocrx_word' id='word_1_227' title='bbox 1394 2613 1556 2658; x_wconf 89' lang='lat' dir='ltr'>talium</span> <span class='ocrx_word' id='word_1_228' title='bbox 1580 2630 1649 2658; x_wconf 88' lang='lat' dir='ltr'>re-</span> 
     </span>
    </p>
   </div>
   <div class='ocr_carea' id='block_1_3' title="bbox 301 2766 1538 2812">
    <p class='ocr_par' dir='ltr' id='par_1_4' title="bbox 301 2766 1538 2812">
     <span class='ocr_line' id='line_1_32' title="bbox 301 2766 1538 2812; baseline -0.001 -10"><span class='ocrx_word' id='word_1_229' title='bbox 301 2769 338 2803; x_wconf 79' lang='lat'>1.</span> <span class='ocrx_word' id='word_1_230' title='bbox 370 2770 420 2803; x_wconf 67' lang='lat' dir='ltr'>La</span> <span class='ocrx_word' id='word_1_231' title='bbox 441 2767 488 2802; x_wconf 84' lang='lat' dir='ltr'>sm</span> <span class='ocrx_word' id='word_1_232' title='bbox 514 2767 560 2803; x_wconf 88' lang='lat' dir='ltr'>dc</span> <span class='ocrx_word' id='word_1_233' title='bbox 578 2767 726 2812; x_wconf 75' lang='lat' dir='ltr'>janvier</span> <span class='ocrx_word' id='word_1_234' title='bbox 746 2780 793 2802; x_wconf 85' lang='lat' dir='ltr'>ou</span> <span class='ocrx_word' id='word_1_235' title='bbox 816 2767 850 2802; x_wconf 74' lang='lat' dir='ltr'>tc»</span> <span class='ocrx_word' id='word_1_236' title='bbox 869 2774 1193 2803; x_wconf 82' lang='lat' dir='ltr'>commencement</span> <span class='ocrx_word' id='word_1_237' title='bbox 1212 2766 1259 2802; x_wconf 85' lang='lat' dir='ltr'>de.</span> <span class='ocrx_word' id='word_1_238' title='bbox 1282 2766 1420 2802; x_wconf 65' lang='lat' dir='ltr'>sevrier</span> <span class='ocrx_word' id='word_1_239' title='bbox 1439 2767 1538 2803; x_wconf 65' lang='lat'>1458</span> 
     </span>
    </p>
   </div>
  </div>
 </body>
</html>
