1875 2956
700 232 843 266 LIBER
871 231 1065 266 PRIMUS.
1511 231 1585 266 315

189 318 440 364 haberetur
466 333 552 362 nos
577 316 733 362 adhuc
762 318 808 362 in
837 317 1056 362 humanis
1081 315 1347 378 superstites
1371 329 1582 372 manere,

189 393 408 440 omnibus
444 394 550 438 viris
576 393 714 438 bonis
747 403 791 439 et
818 393 930 438 odio
961 402 1068 437 sunt
1092 391 1263 450 babiti,
1298 400 1341 436 et
1369 391 1494 436 velut
1519 392 1587 435 in-

188 473 287 518 sani
309 482 354 517 et
377 472 486 517 fatui
519 471 722 517 ludibrio
749 480 1016 533 patuerunt.

251 550 371 594 Sane
385 565 492 593 cum
511 548 636 611 apud
650 547 873 592 Basileam
888 547 1090 609 spatium
1104 545 1335 590 mensium
1351 560 1429 589 sex
1445 554 1590 591 trans-

187 625 464 685 egissemus,
507 634 552 669 et
590 623 860 686 pervulgata
897 621 1073 684 ubique
1111 622 1234 667 sama
1265 621 1433 667 factam
1469 623 1590 668 inter

188 718 342 761 regem
369 711 411 746 et
449 700 831 761 Burgundionum
858 698 1026 744 ducem
1061 697 1187 761 apud
1216 700 1466 744 Peronam¹
1506 716 1588 763 pa-

188 793 288 821 cem
313 778 526 821 omnium
547 791 630 821 ora
652 776 933 839 compleret,
967 784 1205 837 sperantes
1231 775 1373 836 ipsius
1392 775 1585 821 obtentu

188 853 356 897 nostris
377 853 509 897 malis
529 851 788 896 remedium
812 851 1004 896 allatum
1028 867 1124 896 esse
1142 850 1338 910 debere,
1360 852 1419 896 ad
1437 862 1589 914 partes

191 929 442 975 ssrabantiae
465 938 509 973 et
534 928 891 973 illustrissimum
913 928 1174 991 principem
1202 929 1588 989 Burgundionum

188 1005 381 1063 ducem,
420 1005 577 1050 relicta
617 1004 816 1063 Basilea,
860 1021 946 1050 nos
987 1004 1270 1050 contulimus
1284 1008 1311 1063 ²,
1353 1015 1590 1067 sperantes

187 1083 284 1144 ejus
319 1083 581 1146 patrocinio
623 1082 749 1145 apud
785 1097 941 1143 regem
974 1083 1366 1128 reconciliationis
1396 1083 1588 1144 gratiam

187 1175 322 1222 posse
345 1160 572 1218 invenire,
602 1159 663 1204 ad
680 1175 821 1220 quem
844 1168 1022 1204 tantam
1044 1158 1417 1204 benevolentiam
1437 1159 1590 1205 verbis

192 1237 412 1298 factisque
436 1247 548 1283 tuuc
574 1252 653 1281 rex
676 1235 850 1282 habere
885 1252 932 1281 se
961 1235 1224 1294 indicabat,
1255 1246 1307 1281 ut
1346 1253 1589 1298 nunquam

189 1315 309 1359 inter
337 1314 455 1359 duos
490 1315 672 1376 aliquos
708 1314 942 1377 principes
971 1314 1171 1375 majores
1204 1314 1416 1359 amicitiae
1444 1330 1590 1359 nexus

190 1390 324 1435 fuisse
350 1400 641 1453 putarentur,
669 1390 879 1450 nihilque
903 1390 1100 1434 omnino
1127 1390 1185 1434 de
1207 1390 1303 1448 his,
1327 1406 1429 1451 quae
1450 1389 1509 1434 ab
1533 1405 1590 1434 eo

188 1467 314 1513 idern
358 1468 453 1512 dux
495 1475 733 1529 posceret,
772 1466 860 1511 sibi
904 1466 1049 1510 abnui
1082 1482 1217 1528 posse
1257 1466 1508 1526 J'actaretur
1543 1466 1588 1510 in

185 1544 366 1604 vulgus.
396 1543 543 1605 Ipsius
567 1543 722 1603 itaque
759 1542 1050 1587 illustrissimi
1081 1541 1213 1586 ducis
1237 1541 1488 1604 implorato
1512 1558 1590 1587 au-

187 1620 295 1664 xilio
315 1619 441 1682 apud
458 1618 756 1676 Gandavum,
778 1617 965 1663 fortuna
989 1634 1131 1679 quam
1148 1618 1478 1664 inveneramus
1503 1619 1587 1663 sibi

187 1697 417 1759 exposita,
443 1706 489 1741 et
513 1712 540 1741 a
559 1712 606 1741 se
628 1695 961 1757 benignissime
982 1695 1157 1753 audita,
1187 1712 1269 1740 sua
1296 1695 1587 1741 humanitate

189 1774 477 1835 permaxima
508 1773 754 1834 epistolas,
787 1772 989 1816 humiles
1020 1789 1106 1834 pro
1131 1772 1267 1817 nobis
1296 1772 1591 1817 continentes

189 1865 375 1911 preceS,
403 1849 499 1910 ipse
523 1848 582 1893 ad
603 1864 759 1910 regem
786 1864 869 1910 per
893 1864 1040 1892 unum
1059 1848 1357 1893 secretarium
1382 1849 1524 1893 semel
1547 1858 1590 1893 et

188 1925 331 1969 altera
355 1925 457 1969 vice
481 1924 740 1969 destinavit.

256 1999 438 2056 Quibus
468 2016 573 2044 cum
601 2016 699 2044 non
727 2000 872 2045 modo
903 2000 1018 2045 nihil
1053 2000 1286 2046 emollitus
1323 2011 1402 2046 aut
1431 2002 1590 2064 propi-

190 2075 280 2120 tius
302 2076 464 2136 magis,
503 2076 583 2120 sed
612 2077 768 2138 potius
793 2077 992 2139 amplius
1026 2076 1328 2122 exacerbatus
1351 2087 1396 2122 et
1429 2077 1592 2123 durior

192 2162 330 2214 atque
351 2153 517 2197 saevior
536 2152 825 2211 redderetur,
848 2169 934 2198 nec
953 2153 1106 2199 laxare
1126 2169 1458 2215 germanorum
1479 2171 1590 2199 nos·

190 2238 372 2273 trorum
404 2229 747 2287 detentionem,
790 2230 948 2274 arresti
987 2239 1031 2274 et
1060 2231 1412 2294 proscriptionis
1437 2231 1592 2276 adhuc

195 2305 505 2350 incommodis
526 2305 827 2360 affectorum,
856 2307 1086 2352 ullatenus
1110 2308 1265 2367 vellet,
1299 2309 1427 2353 veriti
1453 2325 1527 2366 ne,
1556 2308 1591 2352 si

196 2382 555 2444 importuniores
580 2400 806 2442 essemus,
834 2384 1009 2430 eisdem
1034 2387 1264 2446 germanis
1285 2387 1454 2432 nostris
1473 2386 1589 2431 ulte-

197 2458 290 2502 rior
315 2459 641 2521 importunitas
663 2461 854 2506 exitium
886 2462 1182 2524 importaret,
1219 2464 1416 2523 ingenti,
1443 2478 1590 2524 quan-

252 2634 288 2668 t.
321 2633 369 2668 14
388 2632 541 2670 octobre
562 2635 678 2671 1468.
700 2637 825 2684 Voyez
845 2643 872 2672 t.
894 2638 946 2683 ΙΙ,
969 2649 1006 2686 p.
1031 2637 1122 2674 189.

251 2699 289 2734 2.
320 2699 378 2733 Au
396 2707 717 2737 commencement
734 2699 781 2737 de
800 2700 949 2737 l’annee
972 2702 1089 2738 1469.
