1875 2956
269 256 344 291 252
820 259 1067 296 APOLOGIA
1082 289 1091 305 ,

268 344 450 391 efficere
477 347 612 392 vellet
636 357 774 408 atque
797 357 995 410 optaret,
1030 347 1089 393 ab
1116 349 1180 394 eis
1210 351 1290 410 qui
1313 351 1563 397 audiissent
1586 368 1669 414 po-

267 432 383 470 terat
406 425 673 486 conjectari,
700 425 1063 471 existimavimus
1083 426 1408 473 recusandum.

336 502 443 547 Vale
464 503 619 562 itaque
639 501 727 546 sibi
748 502 869 547 facto
890 519 976 565 pro
995 519 1049 549 ea
1072 504 1190 563 vice,
1217 520 1326 548 cum
1344 521 1398 549 ex
1416 507 1667 552 Remorum

266 576 383 622 urbe
424 594 510 621 nos
542 577 600 622 ad
628 578 933 624 parisiensem
968 579 1325 625 contulissemus
1361 580 1490 641 (ubi,
1526 585 1669 643 gratia

266 655 426 712 vestri,
454 663 567 699 tunc
591 671 676 700 nos
698 654 891 701 duxistis
921 656 1229 717 visitandos),
1254 667 1298 701 et
1332 656 1422 701 illic
1448 674 1582 704 suum
1609 660 1666 705 ad

265 730 481 776 eamdem
532 747 664 777 suam
714 733 1016 778 parisiensem
1063 734 1237 795 regiam
1285 734 1542 794 ingressum
1586 753 1670 798 per

266 807 422 868 plures
447 807 545 853 dies
568 810 911 872 opperiremur,
932 828 1039 856 cum
1061 811 1143 856 diu
1160 811 1267 857 satis
1289 827 1429 874 super
1449 811 1547 873 ipsa
1566 829 1668 858 ma-

266 884 379 928 teria
405 886 762 945 cogitassemus,
803 897 848 932 et
881 887 940 933 de
964 905 1017 934 ea
1044 904 1153 933 cum
1176 887 1409 950 aliquibus
1435 888 1542 932 viris
1564 905 1669 950 pru-

264 958 484 1005 dentibus
539 963 1045 1023 communicassemus,
1092 964 1284 1009 tandem
1332 963 1566 1009 calamum
1610 965 1668 1009 ad

265 1035 588 1082 mandandum
621 1038 782 1083 litteris
819 1041 986 1085 mentis
1020 1051 1188 1085 nostra¹
1221 1049 1505 1103 conceptum
1537 1050 1669 1085 cartae

263 1112 576 1159 admovimus.
609 1117 778 1160 Parum
802 1117 928 1161 enim
963 1126 1007 1161 et
1036 1116 1213 1179 absque
1246 1116 1397 1162 fructu
1423 1117 1669 1162 consilium

264 1188 362 1233 sore
387 1189 738 1252 reputabamus,
757 1192 903 1253 quod,
921 1192 1075 1238 verbis
1100 1193 1146 1237 in
1171 1209 1277 1238 aere
1295 1193 1354 1238 ad
1375 1202 1667 1238 momentum

262 1267 541 1312 sonantibus
574 1269 852 1330 prastitum,
891 1287 981 1333 pro
1021 1270 1282 1331 ingentium
1319 1280 1431 1315 tunc
1466 1270 1670 1316 multitu-

263 1342 372 1389 dine
402 1361 557 1390 rerum
585 1345 875 1407 agendarum
908 1364 1010 1409 quae
1032 1363 1130 1393 sese
1151 1364 1281 1410 paene
1302 1348 1560 1392 innumerae
1583 1346 1669 1392 sibi

262 1418 545 1481 offerebant,
579 1421 703 1468 elabi
742 1422 876 1468 facile
909 1440 936 1469 a
969 1425 1197 1469 memoria
1232 1425 1330 1486 ejus
1360 1423 1670 1469 verisimiliter

261 1496 502 1556 potuisset.
542 1499 689 1543 Simul
722 1500 861 1544 etiam
901 1501 1008 1545 satis
1047 1509 1342 1563 compertum
1377 1499 1669 1545 habebamus

262 1580 355 1616 tam
391 1573 580 1635 prolixae
612 1575 836 1620 orationis
865 1576 1175 1633 audientiam,
1212 1586 1441 1638 quantum
1480 1594 1565 1638 pro
1598 1578 1667 1622 sui

261 1650 583 1710 magnitudine
607 1668 679 1696 res
701 1652 799 1714 ipsa
827 1654 1132 1716 poposcisset,
1162 1653 1433 1699 difficillime
1457 1663 1568 1698 tunc
1590 1654 1669 1699 ob-

260 1725 406 1771 tinere
428 1728 650 1789 potuisse.
687 1729 916 1774 Libellum
951 1731 1090 1790 igitur
1132 1730 1191 1775 ad
1230 1730 1427 1775 modum
1461 1730 1668 1775 oratiun-

259 1802 373 1847 culae
404 1803 465 1849 ad
495 1820 605 1849 eum
638 1804 784 1851 latino
820 1822 1036 1851 sermone
1078 1806 1335 1863 edidimus,
1363 1806 1495 1866 cujus
1530 1807 1670 1851 etiam

258 1880 535 1926 sententiam
575 1891 715 1944 atque
757 1899 989 1928 summam
1036 1882 1201 1943 gallico
1243 1882 1420 1943 vulgari
1468 1882 1671 1928 breviter

261 1959 630 2018 perstrinximus.

322 2035 373 2077 In
399 2052 494 2096 quo
530 2037 688 2083 libello
714 2054 822 2083 cum
853 2037 913 2083 ad
952 2036 1262 2095 medendum,
1305 2035 1442 2080 veluti
1477 2035 1670 2096 alicujus

260 2112 458 2169 grax'iter
479 2116 770 2174 agrotantis,
808 2125 904 2160 tam
928 2113 1156 2177 depressi,
1194 2112 1412 2176 pauperis
1431 2120 1476 2155 et
1501 2111 1667 2172 abjecti

260 2188 422 2249 populi
453 2191 593 2235 totius
616 2193 745 2253 regni
771 2194 1058 2236 Francorum
1082 2189 1402 2250 languoribus,
1434 2197 1669 2232 tantorum

259 2264 491 2310 malorum
534 2283 720 2327 causas,
766 2267 892 2313 unde
934 2276 1058 2312 tanta
1104 2267 1212 2328 ipsis
1258 2264 1444 2328 populis
1484 2265 1669 2310 miseria

258 2349 396 2402 atque
415 2342 574 2404 iuopia
590 2344 913 2405 provenissent
932 2352 1371 2405 perseverarentque
1394 2341 1439 2384 in
1456 2340 1553 2385 dies
1570 2357 1671 2403 per-

257 2427 571 2463 scrutaremur
596 2420 730 2480 (narn
763 2418 893 2481 quod
921 2435 1114 2479 regnum
1137 2428 1182 2462 et
1208 2418 1376 2463 accolae
1409 2417 1507 2478 ejus
1534 2418 1669 2463 tantis

258 2494 550 2556 subjacerent
572 2497 702 2541 malis
727 2506 771 2540 et
795 2496 1152 2553 calamitatibus,
1173 2512 1276 2556 (111ae
1301 2496 1370 2540 xix
1395 2495 1489 2540 ulla
1510 2496 1669 2541 elocu-

258 2573 385 2617 tione
418 2572 650 2634 ada=quari
689 2582 903 2635 possent,
940 2582 990 2617 ut
1028 2573 1068 2617 ei
1106 2572 1448 2635 approbaretur
1474 2573 1667 2621 minime

256 2649 570 2696 laborandum
591 2659 705 2707 erat,
727 2649 807 2694 sed
834 2666 1175 2712 supervacuum
1198 2650 1382 2712 penitus
1403 2649 1662 2707 exstitisset,

261 2740 369 2768 cum
402 2724 547 2787 ipsius
577 2724 844 2769 testimonio
870 2740 941 2768 res
973 2724 1035 2769 ita
1062 2723 1147 2768 sibi
1181 2724 1435 2788 conspicua
1467 2734 1512 2768 et
1535 2738 1665 2768 com-
