1875 2956
678 218 821 253 LIBER
851 216 1001 253 SECI'N
1010 216 1113 251 nUS.
1519 216 1584 249 381

680 392 1013 439 CAPITULUM
1050 393 1127 437 lX.

627 510 733 545 Aliud
753 511 950 555 exemplum
967 509 1011 542 de
1030 507 1171 542 eodem·

263 614 357 659 Alia
380 614 571 676 insuper
599 622 665 658 est
700 611 792 657 illic
821 609 1130 667 consuetudo,
1160 606 1291 670 quod
1315 606 1362 650 in
1387 606 1599 652 crimina-

192 690 314 736 libus
337 691 485 736 causis
508 705 630 749 reus,
658 689 836 735 etiamsi
856 697 1177 734 accusatorem
1201 685 1383 730 nullum
1407 683 1594 744 habeat,

193 766 489 830 compellitur
525 765 747 812 violentia
789 774 1134 811 tormentorum
1174 773 1218 809 et
1256 762 1594 824 quaestionum,

192 843 274 889 ubi
312 843 448 888 nullae
479 853 612 888 certae
647 842 817 888 adsunt
849 841 1176 905 probationes,
1212 839 1283 886 vel
1319 841 1494 886 crimen
1533 840 1599 885 in-

192 930 418 966 tentatum
444 920 600 977 fateri,
627 919 699 965 vel
726 936 773 964 se
802 919 970 965 referre
994 919 1054 964 ad
1080 918 1266 975 Famam,
1298 918 1356 962 de
1386 934 1478 979 qua
1501 917 1599 963 sola

192 995 443 1041 duodecim
467 996 550 1040 viri
569 996 890 1041 testimonium
908 995 1073 1040 ferant.
1095 997 1247 1050 Quam
1269 994 1472 1057 speciem
1492 1010 1599 1056 pro-

192 1071 395 1118 bationis
425 1091 446 1115 «
472 1072 734 1134 inquestam
761 1072 919 1135 patriae
944 1091 964 1113 »
992 1071 1246 1135 appellant.
1284 1073 1337 1114 Et
1371 1070 1477 1115 licet
1508 1070 1598 1116 hu-

187 1148 397 1210 jusmodi
429 1148 682 1195 duodecim
708 1149 794 1194 viri
825 1165 988 1194 omnes
1007 1149 1162 1211 jurent
1187 1164 1234 1193 se
1257 1147 1315 1192 de
1339 1146 1460 1192 facto
1486 1146 1602 1192 nihil

192 1225 379 1287 penitus
399 1241 536 1271 nosse
559 1242 640 1271 seu
664 1226 797 1283 scire,
829 1225 861 1270 si
895 1235 1049 1270 tamen
1079 1224 1285 1285 inquisiti
1309 1223 1423 1286 quid
1446 1224 1602 1286 potius

193 1300 402 1361 credant,
430 1311 641 1347 asserunt
663 1302 734 1347 vel
760 1317 923 1346 omnes
958 1300 1030 1345 vel
1059 1300 1210 1361 major
1231 1316 1393 1345 eorum
1424 1316 1531 1363 pars
1554 1316 1601 1345 se

193 1378 349 1440 potius
370 1378 558 1425 credere
580 1378 823 1425 hominem
848 1395 980 1424 reum
1005 1394 1147 1441 quam
1178 1378 1449 1437 innoxium,
1477 1395 1601 1423 con-

193 1453 493 1501 demnabitur
521 1472 605 1519 per
641 1455 734 1502 hoc
767 1454 827 1502 ad
859 1465 1077 1514 mortem,
1112 1455 1243 1499 nullo
1274 1453 1602 1517 appellationis

193 1531 265 1577 vel
292 1533 488 1595 querelae
515 1533 723 1578 remedio
760 1534 805 1577 in
832 1533 1122 1578 contrarium
1146 1531 1234 1576 sibi
1261 1547 1472 1593 unquam
1493 1532 1604 1577 vali-

193 1617 316 1652 turo.
343 1608 502 1667 Quod,
530 1609 695 1672 procul
719 1608 884 1666 dubio,
907 1607 1043 1653 valde
1067 1608 1283 1670 iniquum
1308 1617 1353 1652 et
1375 1608 1604 1670 periculo-

193 1685 426 1729 sissimum
449 1702 546 1730 esse
566 1685 768 1744 videtur,
793 1701 901 1730 cum
922 1685 970 1728 in
992 1683 1330 1743 criminalibus,
1351 1685 1603 1746 pra‘sertim

195 1760 254 1806 ad
283 1760 609 1806 damnandum
639 1778 770 1806 reum
798 1760 964 1805 ultimo
995 1761 1250 1823 supplicio,
1281 1760 1486 1807 debeant
1508 1779 1603 1808 esse

195 1835 498 1899 probationes
534 1836 637 1882 luce
679 1836 939 1882 meridiana
982 1836 1200 1882 clariores
1216 1871 1228 1892 ‚
1269 1847 1313 1882 et
1354 1838 1509 1884 nullus
1548 1855 1603 1884 ex

196 1913 539 1977 suspicionibus
562 1915 634 1959 vel
666 1914 787 1959 fama
811 1914 867 1959 sit
896 1913 1210 1971 damnandus,
1240 1925 1290 1960 ut
1315 1915 1437 1977 leges
1460 1926 1504 1962 et
1527 1932 1603 1962 ca-

197 2006 344 2035 nones
380 1990 620 2036 manifeste
655 1999 922 2035 sanxerunt.
960 1990 1099 2045 Quod
1138 1991 1174 2035 si
1215 1992 1316 2053 quis
1351 2002 1530 2053 arguat,
1568 1995 1604 2039 si

197 2082 293 2111 non
322 2066 383 2111 ita
406 2066 502 2123 fiat,
532 2067 801 2127 contingere
830 2083 964 2129 posse
988 2066 1118 2129 quod
1144 2084 1262 2130 sche
1287 2068 1484 2115 crimina
1508 2086 1605 2115 rna-

197 2152 338 2187 neant
376 2143 630 2206 impunita,
674 2142 1001 2188 deficientibus
1044 2143 1406 2206 probationibus
1443 2147 1601 2206 certis,

198 2218 450 2282 respondet
472 2220 544 2264 lex
568 2219 730 2278 civilis,
753 2235 1024 2281 quanquam
1046 2219 1090 2265 id
1120 2221 1458 2267 inconveniens
1483 2223 1539 2268 sit
1561 2235 1605 2269 et
1633 2262 1635 2264 .

199 2311 294 2339 non
316 2311 513 2358 parvum
541 2296 589 2339 in
622 2294 863 2358 republica
887 2294 1008 2340 bene
1033 2296 1255 2357 regulata,
1287 2307 1441 2343 tamen
1467 2300 1607 2345 satius

199 2373 347 2418 multo
376 2390 473 2419 esse
496 2374 673 2419 crimen
700 2374 911 2419 nocentis
934 2390 1125 2419 manere
1151 2375 1437 2438 impunitum
1464 2393 1605 2438 quam

199 2449 366 2510 punire
389 2450 691 2495 innocentem
713 2468 722 2495 :
754 2449 883 2511 quod
911 2449 1197 2512 frequentius
1230 2452 1416 2497 evenire
1442 2453 1606 2515 procul

201 2523 349 2569 dubio
374 2535 548 2588 potest,
577 2528 611 2571 si
639 2543 743 2572 reus
772 2527 1031 2589 postulatus
1051 2545 1105 2573 ex
1137 2529 1235 2573 sola
1260 2528 1380 2574 sama
1412 2529 1484 2573 vel
1508 2546 1606 2575 cre-

201 2601 359 2647 dentia
380 2603 644 2666 aliquorum
669 2604 934 2663 damnetur,
960 2615 1101 2666 prout
1123 2605 1323 2651 admittit
1348 2606 1471 2651 dicta
1491 2622 1604 2651 con-

202 2678 417 2724 suetudo.
