1875 2956
274 196 320 230 32
627 196 965 232 HISTORIARUM
994 196 1245 233 LUDOVICII
1273 197 1328 232 XI

337 285 530 347 Ingressi
550 301 678 342 vero,
704 281 881 346 oppido
902 292 1186 344 expugnato,
1208 284 1388 341 Franci,
1410 283 1671 347 direptione

272 361 389 407 facta
423 372 465 407 et
502 379 603 423 quae
642 359 739 404 tolli
772 367 1026 421 potuerunt
1069 357 1251 418 ablatis,
1291 360 1499 422 captivos
1523 359 1672 406 abdu-

271 448 443 497 centes,
470 454 588 499 quos
625 435 788 493 caedes,
817 434 931 479 dum
955 433 1081 479 fieret
1101 471 1112 493 ,
1147 435 1339 480 minime
1363 436 1672 500 comprehen-

270 515 426 573 derat,
454 516 604 577 ipsum
640 511 871 575 oppidum
896 510 1117 556 incendio
1144 510 1391 556 dederunt.
1422 512 1673 558 Ferebatur

269 592 393 636 enim
420 590 477 635 de
510 590 618 652 ipsis
652 589 804 649 regiis,
836 588 949 633 dum
976 587 1205 651 oppidum
1234 600 1576 651 expugnarent,
1601 600 1667 648 et,

270 678 319 713 ut
339 683 422 730 per
440 666 613 712 moenia
636 665 1031 724 conscenderent,
1051 665 1171 710 intra
1193 665 1367 711 vallum
1379 665 1667 727 sejecissent,

269 745 495 807 plurimos
520 743 580 790 ab
605 742 695 802 his,
727 743 806 805 qui
837 759 1024 787 murum
1058 742 1390 802 defendebant,
1427 760 1672 807 oppressos

268 831 406 884 atque
444 821 695 866 exstinctos
729 819 891 879 fuisse,
918 820 981 865 ita
1016 820 1146 881 quod
1189 838 1284 865 non
1330 820 1395 865 eis
1431 821 1672 865 incruenta

266 896 591 960 hujuscemodi
625 896 818 941 victoria
852 895 1001 941 suerit.
1030 898 1225 958 Propter
1248 895 1404 957 quod,
1433 896 1501 941 ira
1525 904 1569 940 et
1594 895 1672 940 su-

267 988 373 1017 rore
396 971 653 1034 majoribus
678 971 884 1028 accensi,
912 987 1016 1016 eam
1043 970 1291 1016 crudeliter
1319 970 1605 1033 popularunt
1627 980 1671 1015 et

266 1049 314 1093 in
338 1049 516 1094 cineres
538 1063 684 1109 usque
706 1056 987 1091 everterunt.

332 1128 452 1171 Sane
493 1123 820 1186 hujuscemodi
851 1122 1065 1186 oppiduli
1102 1123 1384 1186 expugnatio
1416 1123 1670 1169 multorum

267 1203 452 1249 animos
480 1211 522 1247 et
560 1202 606 1246 in
640 1199 859 1246 Flandria
888 1209 932 1244 et
964 1200 1010 1244 in
1039 1199 1287 1246 Brabantia
1318 1200 1540 1245 attonitos
1572 1200 1674 1245 red-

268 1280 384 1325 didit
422 1295 474 1325 ac
516 1277 728 1342 pavidos.
758 1279 877 1322 Cum
908 1286 1064 1322 tamen
1081 1277 1245 1322 Franci
1273 1292 1405 1322 suain
1436 1275 1670 1321 fortunam

267 1356 525 1402 secundam
553 1356 678 1400 lente
717 1353 915 1398 nimium
953 1362 998 1398 et
1039 1354 1225 1399 remisse
1258 1362 1666 1417 prosequerentur,

266 1443 509 1498 coeperunt
542 1442 797 1492 utcumque
829 1429 1053 1491 Flamingi
1092 1430 1275 1475 animos
1298 1446 1600 1492 recuperare3
1627 1438 1671 1474 et

266 1527 375 1556 cum
410 1510 670 1573 principem
706 1507 951 1571 proprium
982 1506 1196 1551 nondum
1228 1505 1481 1565 haberent,
1526 1522 1672 1568 quan-

267 1605 409 1651 quam
426 1588 689 1650 frequenter
709 1585 929 1630 advenire
947 1584 1199 1647 imperator
1221 1601 1276 1629 ex
1293 1584 1472 1629 Austria
1491 1584 1559 1628 xe]
1585 1593 1670 1628 sta-

266 1666 350 1711 tim
365 1654 475 1710 suus
486 1663 607 1709 filius
618 1661 897 1708 scriberetur
907 1671 951 1707 et
962 1671 1321 1724 exspectaretur,
1334 1662 1573 1723 elegerunt
1582 1676 1668 1723 pro

266 1743 386 1789 duce
401 1742 471 1787 sui
488 1740 716 1787 exercitus
729 1739 896 1784 ducem
910 1738 1153 1800 quondam
1168 1738 1401 1797 Geldriae¹,
1420 1738 1500 1801 qui
1513 1737 1669 1783 adhuc

266 1821 477 1885 captivus
496 1834 645 1882 usque
659 1817 719 1863 ad
734 1816 781 1862 id
795 1816 1018 1879 temporis
1042 1815 1327 1861 servabatur.
1354 1815 1495 1876 Cujus
1516 1831 1562 1860 se
1582 1814 1667 1859 du-

266 1898 386 1944 catui
424 1896 784 1952 committentes,
827 1910 935 1938 cum
969 1892 1150 1953 magnis
1174 1893 1319 1955 copiis
1352 1892 1595 1937 exiverunt
1620 1891 1665 1935 in

266 1992 400 2038 agros
408 1977 472 2019 To
479 1989 739 2019 rnacenses.
754 1974 1006 2016 Locaverat
1018 1970 1143 2031 enim
1153 1986 1229 2015 rex
1240 1986 1457 2032 magnam
1468 1969 1664 2014 militum

267 2069 460 2099 suorum
483 2066 675 2096 manum
699 2066 786 2113 pro
807 2049 1004 2095 statione
1028 2047 1348 2106 Tornacensi¹,
1369 2046 1449 2108 qui
1469 2061 1604 2106 agros
1624 2055 1668 2090 et

266 2129 396 2175 villas
437 2129 483 2173 in
525 2127 741 2173 Flandria
784 2136 829 2171 et
867 2126 1118 2171 Hannonia
1156 2125 1468 2177 incursantes,
1507 2123 1668 2169 omnia

265 2205 381 2252 inibi
421 2203 765 2268 pervastabant.
814 2205 933 2247 Cum
968 2212 1150 2260 autem,
1194 2199 1400 2262 quodam
1437 2198 1537 2253 die,
1570 2198 1667 2260 ipse

266 2282 466 2329 Geldriae
489 2281 581 2326 dux
609 2297 714 2325 cum
730 2280 822 2324 suis
842 2279 1189 2340 Flamingorum
1210 2277 1355 2339 copiis
1366 2277 1542 2321 vicinas
1561 2278 1668 2319 Tor-

268 2361 369 2406 naci
394 2358 523 2404 villas
548 2357 823 2421 populando
848 2357 1123 2401 incursasset
1146 2365 1212 2411 et,
1240 2353 1452 2399 abductis
1476 2351 1678 2416 captivis'

267 2440 313 2483 in
340 2436 494 2500 praeda
519 2434 743 2498 plurima,
771 2432 829 2477 ad
851 2448 932 2476 sua
959 2441 1106 2476 castra
1130 2430 1320 2487 rediret,
1348 2447 1454 2474 etun
1480 2445 1506 2474 a
1536 2438 1665 2489 tergo

269 2514 465 2562 insecuti
525 2521 631 2557 sunt
676 2509 889 2555 nonnulli
925 2509 1134 2570 equitum
1176 2511 1485 2566 Francorum,
1530 2507 1608 2568 qui
1641 2522 1664 2549 e

323 2632 360 2666 ’1.
394 2626 581 2677 Adolphe,
603 2625 694 2661 dont
716 2625 875 2660 l'auteur
893 2635 913 2658 a
934 2622 1036 2671 parli-
1058 2621 1377 2670 prec‹'=dennncnt,
1395 2629 1419 2656 t.
1444 2622 1500 2664 ΙΙ,
1517 2633 1554 2670 p.
1574 2621 1663 2658 315.

317 2695 355 2729 ⁶2.
389 2690 513 2727 Plutot
537 2691 704 2725 'l'ornac-c'.
