1875 2956
209 247 285 282 163
580 242 920 279 HISTORIARUM
945 241 1179 278 LUDOVICI
1206 244 1260 279 XI

210 332 468 396 equitandi.
497 335 613 377 Nam
634 328 964 376 venationibus
988 338 1110 374 totus
1132 345 1262 391 paene
1284 330 1466 377 deditus
1488 341 1611 389 erat3

213 411 446 473 totiusque
462 409 599 472 {regni
624 408 693 453 sui
716 423 933 471 proceres
958 406 1285 468 hujuscemodi
1312 409 1615 454 venationum

211 487 437 533 exercitiis
460 496 505 532 et
524 484 914 544 recreationibus,
941 500 997 530 ex
1018 482 1308 528 insaturabili
1333 494 1378 529 ct
1399 485 1619 532 effrenata

212 565 454 624 aviditate,
485 563 648 609 edictis
672 563 765 608 suis
799 578 896 608 non
921 560 1008 606 sub
1037 561 1220 606 minore
1247 577 1443 607 censura
1479 579 1621 624 quam

213 647 560 694 confiscationis
583 646 794 710 corporis
817 655 862 691 ct
885 645 1125 691 bonorum
1146 653 1411 689 removerat
1427 647 1456 698 ¹,
1485 656 1623 707 prout

215 726 261 770 in
295 722 615 786 superioribus
646 723 786 768 etiam
819 722 1027 767 retulisse
1052 720 1352 765 meminimus
1370 722 1398 764 ².
1423 719 1493 765 Ad
1518 719 1625 766 ulti-

217 816 348 846 mum
368 815 507 859 vero,
538 816 646 843 cum
668 799 766 861 jam
796 814 883 843 nec
908 796 1107 861 pedibus
1130 796 1372 842 ambulare
1396 812 1484 841 nec
1506 812 1627 858 equo

221 877 390 922 vectari
413 885 593 939 posset,
624 876 671 920 in
697 891 883 920 camera
907 875 955 919 in
980 890 1073 936 qua
1095 884 1193 919 erat
1221 872 1419 918 faciebat
1439 881 1564 918 ratos
1587 882 1631 918 et

220 970 374 1001 mures
402 954 535 998 vivos
558 952 728 1012 afferri,
759 963 802 997 et
825 951 1153 1013 hujuscemodi
1180 951 1392 997 sordidas
1414 950 1633 996 bestiolas

221 1048 304 1095 per
330 1047 486 1088 canes,
511 1046 630 1092 quos
648 1028 975 1091 hujuscemodi
997 1044 1135 1074 causa
1152 1028 1353 1074 exercitii
1379 1026 1630 1086 nutriebat,

222 1110 381 1155 xenari
404 1124 565 1154 coram
589 1124 636 1152 se
656 1109 683 1152 ³.

290 1186 433 1248 Cujus
471 1186 611 1232 etiam
632 1186 697 1230 rei
738 1185 906 1245 gratia,
946 1200 1043 1229 rem
1071 1183 1387 1229 stultissimam
1423 1191 1468 1227 et
1509 1198 1633 1244 quae,

227 1274 402 1327 quanta
436 1273 552 1308 esset
585 1263 783 1324 gravitas
815 1271 855 1306 et
879 1261 1105 1325 sapientia
1127 1260 1334 1305 hominis
1359 1259 1515 1323 palam
1539 1275 1640 1303 om-

230 1341 368 1386 nibns
407 1341 600 1399 faceret,
652 1339 749 1385 fieri
789 1339 937 1400 jussit.
987 1339 1107 1383 Misit.
1143 1338 1270 1383 enim
1299 1337 1642 1382 commissarios

232 1419 289 1464 acl
318 1418 482 1464 urbem
506 1417 932 1480 Rothomagensem
956 1426 999 1461 et
1024 1416 1112 1461 alia
1140 1415 1341 1478 plurima
1361 1415 1488 1475 regni
1514 1415 1639 1471 loca,

234 1495 314 1557 qui
336 1511 391 1540 ex
424 1494 567 1557 ipsius
592 1494 867 1539 auctoritate
889 1491 1110 1552 juberent
1137 1491 1223 1536 sub
1247 1507 1387 1554 poena
1407 1489 1644 1535 confisca—

238 1572 377 1617 tionis
401 1571 613 1634 corporis
638 1580 683 1615 et
704 1569 944 1616 bonorum
977 1577 1025 1612 ut
1053 1584 1217 1611 omncs
1250 1583 1412 1625 canes,
1444 1567 1573 1629 parvi
1602 1575 1647 1611 et

240 1649 424 1710 magni,
463 1649 522 1693 ad
545 1663 689 1692 unam
716 1647 918 1710 plateam
946 1645 1244 1690 ducerentur.
1287 1643 1470 1699 Quibus
1502 1644 1567 1687 sic
1600 1644 1647 1687 in

240 1743 389 1771 unum
425 1724 656 1783 collectis,
692 1740 811 1785 quos
840 1723 1065 1767 ‹lucercnt
1098 1720 1359 1783 eligendos,
1400 1719 1461 1764 ad
1495 1735 1650 1779 regem

243 1806 289 1850 in
339 1803 543 1850 carrucis
586 1811 632 1847 et
674 1800 901 1845 vehiculis
938 1800 1130 1860 ligatosb
1175 1798 1421 1857 xelierent,
1473 1796 1649 1860 praefati

245 1881 446 1927 exercitii
496 1880 565 1924 sui
600 1894 765 1936 causa,
807 1887 857 1922 ut
897 1876 1125 1940 praedictw
1162 1884 1257 1920 tam
1289 1873 1481 1935 insignis
1512 1889 1653 1918 vena-

246 1959 385 2004 tionis
410 1958 647 2019 vvoluptate
671 1955 916 2019 potiretur.
945 1953 1197 2014 Similequc
1223 1949 1581 2013 quodammodo
1606 1950 1653 1993 in

248 2038 340 2081 hoc
371 2035 563 2081 faciebat
593 2033 993 2078 oblectamentum
1020 2031 1291 2076 Domitiano
1317 2029 1509 2086 Casari,
1546 2028 1651 2090 qui,

250 2124 299 2158 nt
331 2112 628 2173 Tranquillus
665 2109 825 2167 refert,
865 2109 979 2153 dum
1022 2109 1068 2152 in
1111 2116 1287 2152 secreto
1332 2103 1535 2149 cubiculi
1575 2120 1657 2166 per

251 2191 399 2235 otium
422 2198 586 2246 staret,
613 2187 732 2232 facto
767 2186 953 2231 flabello
988 2194 1029 2229 et
1058 2199 1240 2228 muscas
1271 2180 1541 2239 candendo&
1576 2197 1657 2224 vo-

250 2268 475 2331 luptatem
500 2263 773 2327 accipiebat.

305 2368 341 2402 1.
375 2367 608 2401 Pet-moverat
628 2361 720 2396 (lans
744 2359 778 2395 lc
799 2373 868 2395 nis.

304 2429 342 2464 2.
375 2428 490 2462 Tolne
510 2427 567 2465 ΙΙ,
591 2437 630 2473 p.
655 2424 718 2458 73·

306 2493 342 2526 3.
374 2491 477 2525 Dans
503 2487 537 2522 lc
567 2485 722 2534 registro
746 2486 784 2519 K
809 2483 884 2520 298
907 2483 970 2518 (les
996 2481 1178 2518 Areliivcs
1206 2482 1252 2517 (le
1279 2481 1479 2530 l‘Eilipirc,
1507 2494 1556 2516 on
1583 2479 1661 2516 voit

254 2554 383 2604 portee
415 2550 534 2601 parmi
560 2549 612 2585 les
639 2547 821 2596 dcpcnses
853 2545 899 2581 (le
930 2546 1042 2582 Louis
1069 2548 1125 2582 Xl
1157 2557 1202 2581 en
1231 2547 1327 2581 *1481
1358 2545 1392 2580 la
1415 2543 1584 2579 mention
1615 2543 1661 2579 de

253 2617 387 2653 lievrcs
406 2613 533 2651 laches
554 2611 646 2647 dans
665 2611 699 2646 le
719 2622 808 2659 parc
828 2608 877 2645 du
893 2608 1026 2645 Plcssis
1043 2621 1138 2658 pour
1159 2607 1250 2644 sairc
1269 2607 1420 2644 chasscr
1439 2620 1496 2644 ses
1515 2605 1658 2644 chiens·

309 2681 344 2714 [ι.
377 2678 447 2713 Ms.
473 2678 624 2723 legatos.

309 2743 344 2776 5.
376 2741 447 2775 Ms-
470 2751 519 2773 ex
538 2740 672 2774 muscis
691 2735 874 2771 caedendo.
