1875 2956
260 256 334 289 :³70
827 255 1095 299 APOLOGIA‚

259 359 379 389 mus.
404 344 516 406 lpsis
539 358 707 404 nempe
731 342 861 386 omni
887 357 1073 403 prorsus
1089 340 1307 404 adempta
1329 343 1556 404 libertate,
1575 361 1662 390 nec

257 421 417 466 civitas
439 420 534 465 ulla
564 419 723 465 relicta
751 434 849 464 esse
876 427 1051 482 potest,
1088 418 1489 480 quemadmodum
1512 422 1661 467 mani-

258 497 367 542 feste
410 498 565 558 legum
607 496 877 559 exprimunt
915 496 1201 553 sanctione53
1243 494 1381 540 nobis
1424 513 1534 543 vero
1579 499 1661 543 etsi

254 575 419 636 patria,
448 590 534 618 nec
553 583 708 618 tamen
742 572 947 632 libertaS,
976 589 1063 618 nec
1086 573 1262 631 civitas,
1293 575 1394 617 Deo
1415 574 1559 618 nostri
1574 575 1662 619 mi-

255 659 453 709 serame,
496 650 716 713 adempta
754 659 836 695 est.
868 654 973 705 Qua
1007 648 1237 708 libertate,
1269 647 1438 693 eodem
1465 648 1584 695 duce
1617 660 1663 696 et

253 736 536 790 protectore,
577 744 675 773 non
710 728 757 772 in
786 728 1084 773 occasionem
1119 727 1272 772 carnis
1305 725 1458 786 abuti,
1496 726 1577 772 sed
1602 728 1660 774 ad

253 803 398 866 ipsius
422 804 698 850 famulatum
722 814 767 850 et
793 805 1032 850 servitium
1058 804 1124 849 uti
1143 813 1188 849 et
1211 802 1494 849 conabimur
1519 813 1565 849 et
1582 820 1661 849 cu-

253 880 478 927 rabimus.

728 1084 1066 1128 CAPITULUM
1109 1085 1185 1128 Vl.

626 1217 668 1249 In
688 1228 758 1261 quo
778 1225 900 1261 quarta
917 1217 1005 1251 ratio
1023 1217 1284 1250 consolationis.

316 1340 494 1393 Quarta
515 1336 830 1382 consideratio
858 1354 941 1382 seu
965 1338 1140 1400 species
1170 1353 1263 1399 qua
1292 1335 1453 1396 nobis,
1488 1337 1663 1383 nedum

250 1414 310 1459 ad
333 1415 579 1477 patienter,
607 1413 689 1460 sed
712 1414 853 1460 etiam
880 1413 1136 1476 gaudenter
1169 1424 1213 1459 et
1243 1414 1564 1476 aequanimiter
1593 1415 1663 1460 fe-

250 1491 452 1535 rendum
502 1508 574 1536 res
626 1501 838 1551 nostras,
891 1492 1013 1553 vulgi
1065 1492 1370 1537 aestimatione
1416 1491 1660 1552 adversas,

250 1567 540 1626 antidotum,
568 1569 653 1613 Dei
676 1569 909 1630 aspirante
934 1569 1282 1628 misericordia,
1313 1569 1608 1626 conficimus,
1637 1585 1663 1615 a

249 1660 345 1705 quo
372 1654 439 1689 est
461 1645 686 1706 patientia
711 1655 885 1704 nostra,
913 1655 958 1690 et
993 1646 1067 1690 cui
1099 1663 1206 1690 cum
1240 1656 1402 1691 sancto
1427 1646 1663 1708 psalmista

249 1720 461 1765 canimus
490 1737 499 1763 z
533 1739 554 1761 «
583 1723 650 1764 Tu
672 1737 720 1765 es
742 1722 965 1783 patientia
996 1738 1125 1781 mea,
1150 1732 1196 1766 tu
1224 1722 1454 1783 refugium
1475 1739 1657 1780 meum,

248 1805 299 1841 tu
318 1806 560 1860 susceptor
582 1814 714 1842 meus
733 1806 779 1842 et
797 1796 1020 1842 liberator
1044 1814 1192 1857 meus,
1213 1817 1233 1840 »
1257 1799 1387 1859 quod
1407 1799 1662 1845 involucris

248 1883 295 1918 et
326 1873 711 1937 perplexitatibus
748 1874 1107 1933 molestissimis,
1135 1873 1308 1936 quibus
1337 1875 1497 1920 irretiti
1525 1885 1661 1922 antea

249 1950 550 2009 tenebamur,
585 1952 877 1997 infinitarum
906 1968 1153 1998 causarum
1190 1962 1235 1997 et
1270 1952 1419 1997 litium
1458 1952 1660 1998 absoluti

249 2038 294 2072 et
329 2028 464 2074 liberi
496 2046 672 2074 sumus.
713 2031 764 2074 In
798 2029 969 2091 quibus
994 2040 1178 2092 quantae
1210 2029 1488 2075 incumbant
1511 2047 1660 2076 emer·

250 2116 453 2169 gantque
488 2107 649 2151 dietim
692 2107 968 2168 anxietates,
1005 2107 1253 2166 molestiae,
1290 2106 1587 2153 difficultates
1617 2117 1661 2153 et

250 2200 394 2242 curae,
429 2184 500 2228 his
541 2185 796 2247 praesertim
839 2186 919 2247 qui
961 2185 1081 2230 tueri
1118 2184 1295 2230 habent
1329 2194 1374 2230 et
1411 2184 1661 2230 defendere

251 2261 532 2322 temporales
558 2272 603 2306 et
634 2262 868 2324 praecipue
892 2262 1222 2306 ecclesiasticas
1248 2261 1594 2322 jurisdictiones
1617 2271 1661 2306 et

250 2336 585 2397 immunitates,
612 2338 824 2401 profecto
847 2338 897 2383 hi
921 2339 1008 2384 soli
1032 2348 1223 2394 norunt,
1248 2354 1367 2400 quos
1388 2337 1659 2400 hujusmodi

251 2431 371 2460 curte
398 2425 538 2477 atque
563 2415 902 2460 sollicitudines
929 2415 1184 2477 aliquando
1208 2425 1474 2460 tenuerunt.

317 2495 366 2536 ln
388 2492 487 2537 aliis
523 2492 779 2537 Galliarum
815 2492 1085 2554 provinciis,
1116 2493 1160 2537 in
1196 2492 1368 2554 quibus
1399 2508 1547 2538 causae
1578 2509 1661 2556 per

249 2569 614 2631 appellationem
658 2569 716 2614 ad
760 2569 938 2614 curiam
980 2569 1258 2632 parlamenti
1311 2580 1537 2632 tanquam
1585 2587 1659 2616 su-

250 2663 467 2709 premum
511 2646 715 2692 tribunal
762 2646 1062 2707 deseruntur,
1109 2649 1338 2711 perplexae
1382 2648 1574 2711 quidem
1616 2657 1660 2692 et

249 2723 459 2770 difficiles
481 2724 615 2770 valde
641 2724 992 2788 plurimumque
1025 2727 1229 2771 molestae
1258 2736 1361 2771 sunt
1389 2725 1659 2788 hujusmodi
