1875 2956
731 190 869 227 LIBER
897 189 1091 226 PRIMUS.
1537 191 1613 226 263

215 276 367 320 vincia
397 291 425 320 a
470 291 576 336 rege
610 287 801 339 perante
827 276 1068 334 assecutis,
1109 275 1221 336 qui,
1254 274 1381 319 veriti
1421 290 1478 318 ne
1517 277 1609 320 suis

214 351 416 397 destituti
469 352 634 399 officiis
677 363 949 412 manerent,
994 362 1038 398 et
1086 351 1186 397 aliis
1238 366 1265 396 a
1314 367 1439 396 novo
1491 351 1610 397 duce

211 427 378 474 eadem
396 430 816 487 committerentur,
837 427 1157 475 obedientiam
1176 425 1396 473 exhibere
1416 436 1460 471 et
1480 442 1612 473 man-

212 505 352 565 datis,
389 507 447 554 de
490 507 659 569 quibus
692 506 920 565 diximus,
961 521 1124 569 parere
1165 504 1483 550 detrectarunt
1517 521 1526 547 :
1561 514 1611 550 ut

211 592 364 628 custos
387 584 504 629 arcis
526 593 570 629 et
589 582 752 647 oppidi
778 582 976 641 Falesiae,
997 591 1043 628 et
1065 591 1220 627 custos
1238 581 1608 642 Caesaris-Burgi,

211 659 582 708 firmissimorum
618 659 920 724 oppidorum.
964 662 1178 715 Quorum
1216 657 1412 722 parendi
1435 656 1614 703 detrec-

207 738 321 784 tatio
364 748 502 801 atque
551 737 793 784 reluctatio
850 736 1090 800 profecto,
1142 745 1371 798 quantum
1413 734 1613 781 aliorum

207 817 287 878 qui
323 817 415 862 suis
452 824 709 879 paruerunt
759 815 921 861 edictis
961 825 1007 860 et
1046 814 1279 860 mandatis
1319 814 1365 858 in
1410 813 1481 858 sui
1518 828 1614 874 ger·-

207 894 334 939 mani
387 892 576 938 affectus
621 891 895 938 transeundi
932 890 1259 955 promptitudo
1304 891 1483 952 ingrata
1533 906 1611 935 ex-

205 970 317 1015 stitit
354 980 399 1015 et
434 985 595 1028 exosa,
638 985 735 1014 non
775 969 931 1014 minus
964 967 1175 1030 jucunda
1211 977 1256 1012 et
1294 965 1382 1012 sibi
1422 975 1612 1029 accepta

207 1045 308 1091 fuit.
339 1045 498 1105 Unde,
527 1062 624 1092 non
649 1045 806 1091 multis
838 1054 945 1109 post
980 1044 1187 1090 decursis
1211 1042 1405 1102 diebus,
1435 1041 1611 1088 eisdem

208 1122 389 1167 arcium
435 1122 710 1168 custodibus
747 1132 792 1167 et
835 1122 935 1167 aliis
974 1136 1092 1183 quos
1132 1120 1347 1166 nondum
1388 1135 1611 1181 germano

204 1213 289 1243 suo
322 1199 596 1245 conciliatos
620 1209 759 1262 atque
789 1197 1060 1245 obedientes
1079 1197 1292 1259 agnovit,
1326 1206 1371 1242 et
1390 1195 1612 1242 mandata

203 1283 248 1318 et
271 1276 487 1338 epistolas
511 1276 657 1335 misit,
684 1275 873 1338 quibus,
902 1275 1047 1320 multa
1070 1274 1135 1320 eis
1158 1273 1409 1338 pollicitus,
1434 1272 1610 1317 distric-

203 1352 292 1396 tius
321 1352 596 1413 mjungebat
622 1362 759 1413 atque
784 1350 972 1397 vetabat
1004 1366 1064 1395 ne
1087 1350 1240 1396 eidem
1264 1365 1486 1412 germano
1523 1364 1608 1394 suo

204 1428 454 1488 ullatenus,
493 1429 574 1474 sed
605 1429 695 1474 sibi
725 1429 813 1474 soli
849 1437 1091 1490 parerent,
1120 1437 1259 1489 atque
1287 1442 1416 1472 arces
1446 1424 1608 1486 hujus-

202 1503 330 1550 modi
363 1514 600 1550 servarent
634 1514 678 1549 et
710 1504 978 1549 retinerent.

674 1689 1007 1733 CAPITULUM
1055 1688 1130 1732 VI.

526 1812 637 1845 Aliam
655 1811 906 1858 indignationis
925 1824 1063 1846 causam
1081 1813 1276 1846 continens.

263 1933 380 1975 Cum
405 1947 514 1975 vero
541 1931 824 1977 venissemus
854 1931 1228 1993 Rothomagum,
1269 1934 1515 1996 capitalem
1538 1945 1606 1980 to-

197 2007 286 2052 tius
322 2008 575 2070 provinciae
604 2006 797 2067 urbem,
832 2008 891 2054 ad
920 2008 1180 2069 ingressum
1216 2010 1327 2055 novi
1353 2007 1485 2056 ducis
1520 2010 1606 2057 ho-

196 2084 465 2131 norandum
512 2085 591 2146 (ad
640 2100 784 2148 quam
830 2086 970 2131 etiam
1016 2086 1074 2132 de
1114 2086 1304 2147 singulis
1353 2087 1605 2151 provinciae

194 2160 404 2224 partibus
428 2162 630 2225 praelati,
653 2162 847 2208 comites
869 2171 916 2208 et
941 2162 1084 2208 ferme
1108 2179 1298 2222 omnes,
1324 2163 1404 2226 qui
1428 2164 1601 2210 hones-

194 2239 310 2286 tiore
345 2239 502 2301 aliquo
538 2247 670 2285 erant
703 2238 848 2300 gradu
891 2249 971 2285 aut,
1012 2240 1142 2300 loco,
1178 2250 1371 2304 propter
1393 2241 1601 2303 ejusdem

197 2316 307 2362 novi
349 2315 480 2361 ducis
519 2314 774 2361 adventum
813 2316 1152 2379 occurrerant),
1185 2326 1230 2363 et
1276 2318 1509 2363 venissent
1542 2319 1601 2364 acl

196 2389 368 2437 ducem
407 2409 584 2439 novum
617 2393 736 2454 regis
774 2394 934 2439 litterae
964 2394 1161 2456 qualiter
1197 2394 1257 2441 ad
1297 2411 1435 2455 eum,
1479 2396 1601 2456 lega-

197 2467 336 2513 tionis
367 2485 530 2529 causa,
575 2470 744 2516 ducem
789 2470 1010 2517 Borbonii
1047 2487 1153 2518 cum
1196 2489 1280 2518 suo
1321 2471 1600 2518 cancellario

198 2543 527 2606 nonnullisque
565 2546 664 2591 aliis
708 2546 767 2592 de
817 2562 902 2592 suo
943 2547 1162 2593 601181110ι
1207 2546 1467 2593 destinabat
1511 2563 1599 2610 pro

252 2670 288 2706 1.
315 2684 332 2700 α
357 2671 407 2705 Le
431 2683 497 2718 roy
525 2684 672 2719 envoya
691 2675 787 2721 Mgr.
814 2673 847 2708 le
871 2674 942 2709 duc
962 2674 1008 2710 de
1032 2673 1230 2715 Bourbon,
1255 2683 1289 2710 et
1308 2687 1354 2710 eu
1374 2686 1413 2711 sa
1433 2676 1599 2725 compai-
