1875 2956
258 234 331 270 1502
617 235 955 271 HISTORIARUM
984 236 1217 273 LUDOVICI
1244 239 1300 274 XI

257 323 386 387 quod
421 325 553 370 initio
586 324 824 383 nonnulli,
855 325 984 386 quod
1007 324 1231 386 agebatur
1265 327 1554 387 ignorantes,
1581 345 1655 375 ar-

256 400 542 447 bitrarentur
580 418 676 446 non
712 401 873 446 talium
911 402 1153 446 missilium
1180 417 1277 447 esse
1306 404 1538 464 sonitum,
1577 405 1656 451 sed

256 478 412 541 potius
437 478 672 538 tignorum
697 478 964 540 aliquorum
996 478 1295 523 continuatos
1318 478 1434 524 ictus
1456 481 1515 526 ad
1537 481 1658 527 sores

256 553 509 599 domorum
527 554 790 615 aliquarum
805 540 1134 615 effringendas.
1156 553 1373 599 Pulsabat
1395 564 1439 599 et
1460 557 1657 603 terrifico

255 647 373 675 sono
398 629 582 675 assidue
605 646 862 693 campana,
890 647 973 693 per
1002 646 1145 692 quam
1175 630 1298 675 cives
1327 630 1387 675 ad
1422 647 1657 679 armorum

256 709 481 754 tumultus
504 709 693 754 excitari
717 710 883 755 solent.

321 785 497 828 Verum
517 800 542 829 e
567 785 776 845 civibus,
803 785 964 831 audito
990 784 1049 830 ab
1076 786 1141 830 eis
1166 785 1295 848 quod
1320 786 1555 832 Clivenses
1573 804 1659 850 pro

256 858 571 919 Enghelberto
607 878 692 906 suo
723 861 975 906 domicello
1011 872 1175 908 contra
1209 879 1345 907 suum
1389 863 1661 927 episcopum

255 936 560 994 dimicarent,
591 940 729 1001 pauci
753 949 798 984 et
822 954 970 1002 prope
1002 939 1117 984 nulli
1147 939 1206 984 ad
1235 939 1555 984 defensionem
1589 957 1664 987 ac-

254 1025 532 1075 currerunt3
561 1016 670 1074 sed,
698 1016 924 1062 obseratis
948 1017 1101 1076 ostii5‚
1129 1033 1226 1062 sese
1267 1018 1387 1063 intra
1411 1018 1531 1064 redes
1559 1035 1663 1065 suas

255 1090 559 1137 continebant
571 1130 579 1136 .

319 1168 421 1212 Fuit
458 1169 614 1232 itaque
649 1170 697 1214 in
730 1170 883 1232 platea
911 1169 1132 1233 praedicta
1165 1171 1395 1233 partium¹
1427 1181 1661 1218 certamen

256 1259 481 1304 magnum
502 1255 640 1308 atque
662 1256 792 1292 atrox
813 1283 824 1305 ,
849 1246 896 1291 in
923 1261 1018 1307 quo
1045 1245 1268 1291 occubuit
1303 1247 1378 1291 ille
1401 1247 1596 1292 stolidus
1621 1257 1664 1292 et

257 1337 425 1382 procax
471 1324 699 1369 Henricus
738 1324 796 1369 de
834 1321 1079 1381 Nsewelcle,
1118 1323 1197 1384 qui
1235 1324 1377 1369 totius
1410 1323 1550 1386 hujtls
1589 1339 1666 1385 ag-

258 1413 437 1457 gressus
495 1410 659 1445 auctor
704 1400 851 1446 fuerat
904 1409 948 1444 et
989 1400 1218 1445 incentor.
1268 1401 1409 1462 Cujus
1455 1400 1664 1463 profecto

257 1490 390 1519 casus
417 1477 628 1538 perutilis
664 1476 748 1521 suit
779 1487 823 1521 et
843 1476 1077 1538 pontifici,
1111 1486 1156 1520 et
1186 1477 1376 1521 civitati.
1413 1476 1665 1522 Ferebatur

258 1552 384 1596 euim
417 1569 525 1597 eum
568 1553 840 1599 exsecrabili
870 1562 1161 1598 sacramento
1193 1552 1399 1599 firmasse
1438 1571 1485 1599 se
1522 1571 1663 1600 manu

259 1644 342 1673 sua
373 1629 504 1691 pium
536 1631 809 1692 pontificem
852 1631 988 1675 fuisse
1021 1640 1326 1689 necaturum,
1371 1632 1407 1675 si
1439 1632 1587 1677 victor
1622 1642 1660 1676 et

259 1705 412 1750 salvus
434 1706 632 1751 evadere
665 1708 905 1769 potuisset.
940 1710 1046 1753 Erat
1079 1708 1253 1770 quippe
1278 1708 1374 1769 ipse
1399 1724 1594 1753 censura
1622 1719 1661 1755 et

259 1782 483 1845 spirituali
514 1800 739 1829 mucrone
761 1786 929 1829 summi
952 1784 1188 1847 pontificis
1210 1785 1662 1845 excommunicatus,

260 1868 533 1918 agol-avains
580 1869 624 1904 et
672 1870 997 1920 reaggravatus
1041 1869 1179 1921 atque
1216 1859 1662 1922 anathematizatus,

261 1937 390 1980 omni
426 1936 660 1999 impietate
691 1947 737 1981 et
768 1937 1004 1983 ferocitate
1039 1937 1268 1999 repletus,
1308 1938 1607 2000 quamplures
1641 1955 1666 1983 e

261 2011 440 2056 civibus
477 2023 520 2057 et
555 2013 876 2059 ecclesiasticis
912 2013 1092 2059 habens
1140 2013 1251 2058 odio
1291 2013 1660 2074 implacabiliter.

265 2091 453 2150 Propter
485 2090 610 2151 quod
646 2090 1032 2135 clementissimus
1068 2090 1299 2135 Dominus
1332 2089 1465 2134 valde
1495 2090 1666 2136 utiliter

261 2175 303 2210 et
333 2166 692 2211 misericorditer
718 2167 923 2229 providit
954 2168 1150 2226 civitati,
1183 2166 1310 2229 quod
1343 2176 1434 2211 tam
1473 2177 1665 2214 cruenta

261 2251 307 2287 et
334 2242 550 2288 immanis
573 2243 729 2289 bellua
754 2245 1016 2300 tolleretur3
1046 2244 1125 2305 qui
1150 2243 1383 2306 profluam,
1417 2243 1453 2287 si
1478 2244 1574 2288 voti
1595 2246 1663 2289 sui

261 2319 532 2364 exsecrandi
572 2337 769 2382 compos
795 2321 1060 2375 mansisset,
1096 2329 1135 2364 et
1169 2319 1396 2381 plurimos
1429 2331 1665 2366 enecasset

262 2412 370 2440 cum
399 2396 580 2458 optimo
613 2396 864 2458 pontifice,
900 2406 944 2440 et
969 2395 1027 2440 ad
1057 2396 1334 2457 explendam
1362 2397 1661 2459 rapacitatem

261 2488 415 2530 suam,
456 2473 565 2533 quia
588 2488 768 2535 pauper
791 2482 837 2517 et
867 2472 1001 2534 inops
1036 2481 1161 2529 erat,
1191 2473 1259 2516 vel
1291 2473 1523 2518 civitatem
1567 2474 1664 2518 uni-

263 2566 470 2608 versam,
522 2551 593 2595 x‘el
624 2551 849 2611 majorem
882 2550 1044 2595 saltem
1079 2551 1363 2613 locupietum
1409 2550 1660 2596 domorum

312 2721 347 2754 1.
379 2718 576 2755 Matthaeus
591 2720 854 2767 proediclarum
870 2722 1051 2766 partium.
