1875 2956
735 211 872 244 LIBER
903 209 1095 245 SEXTUS.
1545 216 1558 248 l
1573 216 1618 248 15

223 295 369 339 unicae
407 294 509 340 filiae
542 296 727 355 Caroli,
755 296 1141 358 Burgundionum
1174 294 1331 353 ducis,
1364 305 1503 356 atque
1529 298 1618 343 hae-

222 370 367 430 redis)
390 408 401 429 ,
444 388 528 416 nec
558 371 860 418 humanitatis
884 369 1283 433 contemplatione
1301 407 1312 429 ,
1351 387 1438 415 nec
1471 374 1621 434 ponti-

220 446 364 492 ficalis
388 458 524 493 tantae
545 448 779 510 dignitatis
804 447 1082 506 reverentia,
1106 463 1203 491 non
1229 457 1294 492 est
1319 464 1477 509 passus
1502 449 1620 494 tradi

219 523 491 586 sepulturae,
529 525 682 570 donec
714 525 845 569 tertia
881 523 1075 569 demum
1112 523 1213 582 die,
1247 522 1466 569 fratribus
1501 524 1620 570 beati

218 601 447 646 Francisci
480 618 587 646 eum
633 600 803 646 obnixe
843 599 1144 660 rogantibus,
1187 616 1358 662 corpus
1394 600 1536 646 levari
1578 610 1622 646 et

218 678 462 740 sepultura:
486 678 605 723 tradi
629 677 749 721 male
772 675 923 721 libens
947 676 1171 739 permisit.

282 757 388 800 Aeta
416 764 483 799 est
517 754 615 799 liaec
648 753 795 798 caedes
824 762 868 798 ct
902 762 999 798 tam
1036 753 1224 798 crudele
1264 768 1318 798 ac.
1345 752 1620 815 parricidale

215 831 503 893 sacrilegium
519 868 530 890 ,
551 847 679 877 anno
698 847 1005 877 mccchxxxn
1023 867 1034 889 ,
1058 830 1329 893 paenultima
1352 829 1428 875 die
1451 831 1622 876 mensis

215 910 411 972 augusti.
454 910 580 955 lllico
622 918 777 954 autem
815 908 910 954 hoc
949 917 1131 971 patrato
1175 908 1371 953 immani
1416 908 1617 966 scelere,

214 986 339 1031 idem
367 986 613 1047 sacrilegus
639 987 685 1030 in
716 986 949 1031 civitatem
979 984 1110 1029 irruit
1127 1022 1138 1043 ,
1165 993 1210 1029 et
1240 993 1398 1047 portas
1427 1000 1513 1029 1160
1539 983 1621 1029 ob-

214 1072 385 1107 seratas
421 1079 507 1108 nec
529 1063 732 1107 munitas
762 1062 1027 1120 inveniens,
1068 1077 1173 1106 eam
1190 1098 1201 1119 ‚
1234 1061 1363 1106 nulla
1389 1060 1477 1105 sibi
1501 1060 1620 1106 facta

215 1139 497 1196 resistentia,
538 1139 762 1185 introivit.
809 1140 930 1184 Sane
969 1154 1024 1183 ex
1057 1137 1149 1182 1100
1180 1147 1319 1198 atque
1353 1137 1476 1195 aliis,
1516 1152 1617 1198 quae

214 1214 414 1259 subinde
447 1225 603 1260 secuta
631 1224 764 1272 sunt,
813 1214 920 1259 satis
955 1213 1207 1275 conjectari
1238 1213 1392 1275 potuit
1429 1212 1616 1273 qualem

212 1307 421 1336 amorem
436 1308 490 1336 ac
504 1290 806 1336 dilectionem
822 1291 914 1335 loci
932 1290 1053 1334 cives
1067 1299 1111 1334 et
1129 1289 1298 1334 accolae
1316 1287 1377 1332 ad
1395 1287 1615 1334 eumdem

212 1367 483 1429 pontificem
522 1383 658 1411 suum
693 1366 993 1421 habuissent,
1039 1364 1119 1425 qui
1160 1380 1246 1409 nec
1290 1363 1355 1408 illi
1390 1364 1614 1426 sacrilego

209 1459 315 1487 suas
350 1442 553 1504 objicere
595 1452 754 1504 portas
795 1449 1040 1499 curarunt,
1081 1438 1162 1484 sed
1194 1439 1397 1484 ultronei
1432 1443 1578 1501 magis
1600 1478 1610 1498 ‚

208 1519 338 1580 quasi
362 1534 471 1563 eum
498 1517 558 1563 ad
586 1517 674 1562 sibi
702 1516 1047 1580 praesidendum
1072 1515 1371 1574 invitassent,
1401 1516 1448 1561 in
1481 1533 1612 1562 suam

209 1596 498 1641 intromisere
521 1595 773 1640 civitatem.

648 1767 985 1811 CAPITULUM
1026 1767 1164 1809 XXX.

206 1884 393 1925 Quomodo
421 1884 513 1917 idem
535 1885 716 1930 sacrilegus
740 1885 878 1918 intravit
907 1883 1077 1917 Leodiuin
1094 1911 1102 1924 ,
1131 1892 1162 1916 et
1191 1882 1301 1928 coegit
1327 1883 1456 1915 clerum
1487 1882 1611 1927 eligere

189 1955 192 1961 “
252 1940 361 1973 fitium
389 1953 489 1973 suum
512 1941 546 1973 in
572 1941 796 1987 episcopumg
826 1950 857 1973 et
880 1940 1025 1984 qualiter
1054 1939 1303 1973 Brabantiones
1329 1937 1510 1971 conatibus
1544 1938 1612 1970 suis

253 1996 389 2030 obviam
409 1997 520 2029 ierunt
536 1997 559 2031 ¹.

269 2107 503 2167 Ingressus
534 2106 718 2167 itaque,
748 2105 795 2148 in
826 2120 910 2149 suo
936 2103 1139 2149 adventu
1172 2102 1400 2166 plurimos
1430 2112 1525 2148 tam
1553 2119 1607 2148 ex

205 2181 357 2239 clero,
385 2197 527 2244 quam
550 2199 602 2227 ex
631 2180 834 2238 civibus,
862 2181 942 2242 qui
972 2197 1070 2225 rem
1092 2180 1299 2242 aliquam
1321 2178 1496 2225 habere
1527 2197 1610 2242 pu-

204 2266 426 2315 tarentur,
448 2258 586 2304 bonis
608 2258 838 2321 spoliavit.
864 2261 970 2303 Erat
990 2258 1117 2302 enim
1131 2260 1143 2280 ²
1161 2256 1248 2301 sibi
1269 2257 1455 2319 suisque
1478 2256 1609 2301 satel-

204 2334 359 2381 litibus
406 2339 513 2382 satis
563 2337 796 2382 sufficiens
838 2335 885 2380 id
932 2335 1060 2397 quod
1103 2335 1176 2380 vel
1217 2334 1275 2380 de
1317 2334 1479 2381 amicis
1527 2350 1586 2379 au

207 2409 478 2470 fautoribus,
503 2430 583 2459 seu
600 2413 876 2458 consiliariis
893 2411 1101 2457 defuncti
1123 2411 1382 2468 exstitisset,
1411 2411 1447 2456 si
1462 2408 1606 2472 [quis]

208 2485 497 2536 facultatibus
531 2491 706 2554 pollere
735 2501 781 2537 et
806 2490 1017 2553 locuples
1042 2489 1140 2535 fore
1166 2489 1448 2535 crederetur.
1485 2491 1607 2532 Post-

260 2621 296 2654 1.
325 2619 498 2669 Cliapitre
518 2622 692 2671 imprime
710 2621 803 2658 dans
823 2621 1094 2669 l'Amplissima
1113 2624 1289 2657 collectio,

261 2683 297 2718 2.
331 2682 448 2717 Plurcn
472 2696 541 2717 non
561 2693 641 2717 erut
662 2687 774 2720 enim.
