1875 2956
711 230 852 265 LIBER
892 231 1154 267 SECUNDUS.
1562 233 1630 269 361

301 316 486 362 Fallitur
508 317 662 380 itaque
685 328 729 364 et
750 319 889 381 longe
909 335 935 365 a
959 319 1148 365 veritate
1168 318 1369 376 aberrat,
1395 319 1432 363 si
1457 320 1561 382 quis
1581 339 1634 367 ex

237 393 637 456 persecutionibus
661 405 706 441 et
736 396 997 455 calumniis,
1027 412 1142 459 quas
1160 412 1215 442 ex
1239 405 1368 459 parte
1392 411 1532 458 supra
1558 414 1635 442 re-

236 470 447 531 tulimus,
483 488 737 534 cursusque
774 473 876 518 vitae
911 472 1341 534 quantulacumque
1377 473 1635 520 mutatione

236 563 339 606 nos,
364 549 522 593 animo
549 549 717 594 fractos
738 565 817 594 seu
843 548 1063 610 dejec108‚
1084 565 1181 594 esse
1201 549 1429 595 ullatenus
1455 559 1534 595 aut
1556 552 1638 595 mi-

185 616 191 622 ’
235 639 361 669 seros
380 625 452 670 x‘el
474 625 679 670 infelices
702 625 950 684 existimet3
980 624 1092 686 quin
1117 625 1289 687 potius,
1322 635 1372 669 ut
1389 627 1636 688 Apostolus

234 700 410 761 inquit,
451 701 659 746 «omnia
699 710 913 764 potentes
948 701 994 745 in
1036 716 1092 745 eo
1130 701 1211 762 qui
1252 718 1339 746 nos
1377 703 1631 763 confortat,

233 777 372 822 etiam
403 777 449 821 in
478 777 749 838 hujusmodi
775 776 1154 822 tribulationibus
1181 778 1455 839 gloriamur3
1488 800 1509 821 ›>
1534 797 1635 841 gra-

233 854 318 898 tias
350 854 397 898 in
431 853 652 899 omnibus
684 857 784 899 Deo
817 864 1028 916 agentes,
1063 855 1143 917 qui
1165 871 1248 900 sua
1270 856 1473 918 piissima
1499 858 1630 903 mise-

232 932 412 977 ratione
440 948 537 991 non
567 933 791 995 permittit
822 949 908 978 nos
938 933 1105 978 tentari
1136 949 1276 997 supra
1308 933 1436 995 quod
1465 951 1633 997 possu-

231 1026 351 1068 mus,
380 1026 437 1054 eo
464 1010 682 1071 juvante,
717 1010 962 1070 sustinere3
993 1010 1074 1055 sed
1107 1010 1336 1056 facturum
1360 1027 1468 1056 eum
1493 1012 1632 1058 etiam

230 1085 458 1131 audenter
477 1085 762 1131 confidimus
781 1102 889 1131 cum
903 1087 1158 1132 tentatione
1172 1098 1472 1150 proventum.
1492 1089 1632 1144 Quod

229 1162 354 1207 enim
374 1162 420 1207 in
447 1164 659 1225 praesenti
685 1173 1069 1209 momentaneum
1089 1173 1157 1209 est
1180 1174 1223 1209 et
1247 1165 1347 1209 leve
1369 1164 1631 1212 tribulatio-

229 1240 300 1285 nis
323 1251 506 1299 nosmc,
539 1257 678 1304 supra
716 1241 913 1287 modum
943 1243 990 1287 in
1017 1242 1299 1288 sublimitate
1328 1253 1507 1288 aeternae
1531 1245 1631 1305 glo·

229 1317 305 1361 riae
342 1316 528 1380 pondus
566 1328 787 1380 operatur
810 1319 856 1363 in
899 1318 1036 1364 nobis
1070 1336 1166 1364 non
1205 1320 1632 1383 contemplantibus

228 1409 330 1454 quae
353 1394 587 1454 videntur,
618 1395 696 1440 sed
727 1413 828 1458 quae
855 1412 951 1441 non
991 1395 1223 1441 videntur.
1264 1399 1376 1452 Qua?
1410 1398 1535 1442 enim
1569 1398 1631 1442 vi-

227 1470 413 1531 dentur,
450 1473 725 1535 temporalia
758 1483 886 1529 sunt;
924 1490 1025 1535 quac
1063 1483 1219 1519 autem
1257 1489 1353 1518 non
1392 1473 1626 1533 videntur,

225 1557 410 1594 aeterna.

695 1745 1034 1790 CAPITULUM
1086 1745 1162 1788 ΙΙΙ.

343 1878 457 1911 Prima
473 1878 562 1912 ratio
578 1879 824 1913 consolationis
840 1879 876 1912 in
893 1878 1056 1912 omnibus
1072 1878 1355 1912 tribulationibus
1371 1879 1507 1913 nostris.

290 1998 380 2043 Sed
403 2009 469 2055 et,
506 2008 669 2061 praeter
700 1997 792 2043 hoc
827 1997 957 2060 quod
988 1996 1214 2051 diximus,
1248 1996 1499 2056 habemus,
1528 2015 1627 2058 gra-

225 2074 309 2119 tias
334 2076 459 2134 Deo,
491 2075 631 2121 etiam
666 2075 891 2138 plurimas
926 2074 1271 2120 consolationes
1300 2084 1345 2120 et
1368 2074 1622 2137 adjutoria,

224 2151 395 2214 quibus
426 2153 511 2198 Dei
548 2152 867 2198 misericordia
898 2151 1167 2198 consolatur
1202 2169 1311 2212 nos,
1337 2152 1558 2215 laetosque
1582 2162 1627 2198 et

224 2229 476 2290 gaudentes
500 2229 607 2275 facit
638 2230 684 2274 in
710 2228 931 2274 omnibus
967 2228 1368 2292 persecutionibus
1394 2238 1440 2274 et
1472 2228 1625 2273 tribu-

223 2304 475 2351 lationibus
496 2306 681 2351 nostris.
711 2309 766 2350 Et
792 2316 841 2351 ut
869 2306 1141 2351 omittamus
1160 2305 1260 2351 illas
1285 2305 1625 2350 consideratio-

223 2397 331 2438 nes,
380 2399 494 2445 quas
533 2383 811 2446 perpulchre
847 2393 890 2428 et·
931 2382 1121 2445 copiose
1169 2382 1307 2428 refert
1350 2382 1624 2427 Guillelmus

224 2459 544 2519 Lugdunensis
573 2460 620 2505 in
653 2462 847 2506 Summa
873 2459 931 2505 de
956 2459 1225 2517 virtutibus,
1266 2459 1309 2504 in
1341 2468 1538 2505 tractatu
1564 2457 1622 2503 de

223 2535 442 2597 patientia
468 2536 540 2597 (ex
561 2536 730 2597 quibus
752 2537 954 2600 plurima
976 2536 1289 2582 consolatoria
1321 2534 1526 2581 remedia
1553 2550 1624 2579 ac-

222 2611 453 2674 cepimus,
494 2622 538 2658 et
565 2613 696 2658 facile
726 2630 891 2677 capere
921 2624 966 2659 et
996 2613 1170 2659 habere
1202 2621 1353 2675 potest
1393 2613 1618 2674 quisque,

221 2688 550 2750 qualicumque
573 2688 849 2735 adversitate
881 2690 952 2734 vel
985 2689 1285 2734 tribulatione
1318 2688 1528 2751 pulsatur
1549 2688 1619 2732 vel
