1875 2956
204 266 280 302 266
776 265 1042 310 APOLOG1A‚

204 354 358 415 datis),
385 355 510 400 illico
534 354 659 399 idem
681 352 777 398 dux
797 353 1034 398 civitatem
1051 353 1298 414 ingressus,
1328 373 1498 418 magno
1524 374 1607 402 nu-

203 445 333 474 mero
360 429 597 489 regiorum
629 428 834 472 militum
861 428 1079 490 stipatus,
1123 443 1229 472 eam
1260 431 1450 476 nomine
1488 432 1607 493 regis

203 503 451 566 occupavit
483 511 622 564 atque
651 501 941 565 intercepit¹,
967 511 1035 561 et,
1067 501 1224 564 ejectis
1254 503 1474 564 praesidiis
1505 522 1607 568 quae

201 596 257 626 ex
280 589 412 644 parte
442 578 576 624 ducis
605 579 903 624 Normanniae
925 577 1019 624 illic
1052 579 1206 624 locata
1231 577 1436 638 fuerant,
1471 582 1607 629 simul

201 657 341 702 etiam
363 665 410 701 et
432 656 606 701 caeteris
628 655 837 718 ejusdem
858 655 1111 715 officiariis,
1134 655 1432 718 capitaneum
1448 665 1494 702 et
1509 657 1607 706 bal-

200 733 346 779 livum
365 742 649 796 caeterosque
673 732 925 779 officiarios
947 731 1007 778 ad
1023 733 1220 778 civitatis
1243 740 1289 778 et
1314 732 1472 795 patriae
1493 736 1608 796 regi-

200 825 308 854 men
347 825 497 854 novos
532 810 652 871 regis
681 810 875 855 nomine
909 809 1130 868 instituit,
1163 809 1346 870 magnis
1375 809 1516 855 etiam
1553 826 1608 856 ex

199 886 336 947 regiis
358 885 584 932 militibus
620 886 714 932 illic
748 887 896 950 copiis
935 886 1231 932 introductis·
1268 889 1322 931 Et
1356 887 1419 932 ita
1452 886 1608 949 palam

200 961 373 1008 sactum
397 962 483 1008 fuit
512 963 700 1025 qualem
734 963 948 1008 animum
981 962 1043 1009 ad
1065 962 1310 1026 praesatum
1333 978 1608 1024 germanum

199 1055 353 1099 suum,
385 1039 558 1086 (lucem
585 1041 903 1100 Normanniae,
930 1056 1011 1086 rex
1032 1049 1236 1103 gereret,
1269 1056 1412 1104 quem
1440 1040 1608 1088 talibus

198 1117 599 1164 circumveniebat
624 1118 762 1165 dolis.

262 1196 465 1258 Hujusce
493 1197 650 1258 itaque
673 1195 772 1242 doli
794 1211 849 1242 ac
870 1194 1153 1260 proditionis
1178 1206 1501 1243 commentum
1524 1197 1610 1244 ad-

198 1289 355 1319 versus
376 1273 738 1320 illustrissimum
760 1272 931 1319 ducem
949 1273 1249 1319 Normanniae
1271 1274 1536 1338 turpissime
1555 1291 1609 1321 ac

199 1349 419 1395 scelerate
447 1358 689 1396 exsecutus
712 1359 781 1395 est
805 1364 861 1395 ac
891 1348 1093 1413 patravit
1120 1347 1246 1395 idem
1267 1348 1492 1395 Borbonii
1515 1349 1610 1396 dux

198 1424 286 1471 sub
328 1425 625 1473 fraudulenta
659 1425 958 1473 simulatione
993 1425 1150 1488 quod,
1179 1436 1404 1490 tanquam
1432 1426 1609 1488 legatus

198 1507 354 1569 pacis,
386 1523 413 1553 a
435 1523 542 1567 rege
565 1505 626 1552 ad
654 1505 876 1553 eumdem
897 1507 1195 1553 transmissus
1217 1506 1357 1564 foret;
1385 1508 1465 1569 qui
1481 1544 1492 1566 ,
1520 1507 1608 1554 sibi

198 1584 358 1646 paucis
384 1593 492 1630 ante
515 1581 683 1630 diebus
705 1583 966 1630 arctissimo
991 1581 1164 1628 soedere
1186 1581 1446 1641 devinctus,
1463 1583 1607 1646 ipsius

199 1660 391 1705 nomine
425 1659 594 1706 urbem
629 1659 977 1722 Rothomagum
997 1660 1228 1723 pluraque
1251 1661 1410 1723 patria,¹
1429 1661 1606 1724 oppida

197 1745 337 1798 atque
357 1751 487 1782 arces
505 1736 553 1782 in
579 1736 872 1782 deditionem
893 1745 1149 1799 receperat.
1177 1736 1318 1792 Quod
1351 1746 1508 1783 autem
1531 1754 1607 1784 ac-

199 1823 300 1858 tum
320 1813 407 1859 fuit
422 1813 470 1858 in
493 1812 852 1859 Ebroicensium
872 1813 1075 1872 civitate,
1102 1829 1201 1858 non
1216 1828 1349 1859 secus
1366 1812 1607 1861 actitatum

196 1900 328 1936 estet
349 1891 397 1936 in
423 1892 644 1937 Vernone
670 1890 874 1956 oppido,
903 1889 964 1936 ab
993 1888 1160 1936 eadem
1183 1889 1367 1935 civitate
1395 1900 1441 1935 et
1461 1893 1607 1937 Loco-

196 1968 327 2013 Veris
351 1984 449 2013 non
474 1968 674 2031 amplius
697 1968 906 2030 quinque
928 1967 1072 2014 leucis
1099 1966 1315 2013 distante.
1340 1968 1456 2012 Sunt
1481 1969 1605 2014 enim

199 2044 282 2089 tria
307 2044 634 2105 hujuscemodi
658 2045 785 2091 velut
819 2045 867 2090 iu
900 2044 1134 2106 triangulo
1160 2044 1430 2106 aequilatero
1458 2060 1605 2107 prope

198 2121 398 2167 invicem
424 2123 524 2168 sita.
556 2124 675 2168 Nam
701 2139 755 2168 ex
780 2121 990 2168 Ebroicis
1010 2121 1090 2167 illo
1115 2121 1208 2168 dux
1232 2121 1355 2167 idem
1380 2119 1603 2166 Borbonii

198 2198 457 2260 trajicienS,
488 2199 642 2262 ipsum
676 2199 905 2263 oppidum
935 2202 1207 2245 Vernonem
1236 2198 1445 2243 similiter
1464 2198 1604 2242 inter..

197 2276 345 2338 cepit,
369 2277 602 2338 similique
621 2277 913 2323 vaframento
940 2276 1049 2322 duci
1074 2275 1372 2321 Normanniae
1395 2273 1600 2320 abstulit,

262 2352 351 2397 Sed
376 2362 442 2411 et,
470 2362 520 2398 ut
554 2363 683 2398 certo
706 2353 1015 2414 cognovimus
1033 2389 1044 2411 ,
1079 2368 1158 2398 rex
1194 2351 1254 2397 ad
1284 2351 1440 2414 plures
1472 2351 1603 2397 villas

197 2429 565 2492 circumquaque
583 2430 761 2475 (lictum
789 2429 1020 2493 oppidum
1034 2428 1300 2473 Loci-Veris
1319 2428 1366 2473 in
1389 2444 1484 2490 quo
1505 2437 1602 2473 erat

199 2506 336 2552 frater
368 2523 500 2566 suus,
531 2509 797 2570 opperiens,
828 2507 895 2551 uti
930 2506 1153 2565 diximus,
1186 2505 1442 2551 adventum
1479 2505 1602 2566 lega-

252 2628 288 2663 1.
320 2628 525 2676 Comparer
551 2626 585 2662 le
611 2625 703 2663 rbcit
729 2625 778 2661 du
809 2627 932 2661 meme
953 2624 1017 2661 sair
1042 2624 1125 2671 ‹l‹'·j51
1153 2623 1332 2674 rapporlc
1361 2623 1452 2659 dans
1481 2623 1598 2660 l’ffis-

200 2687 293 2724 loire
313 2687 362 2724 du
384 2689 500 2737 regne
523 2687 568 2724 de
589 2687 700 2725 Louis
719 2690 792 2728 XI,
817 2695 842 2726 t.
867 2690 901 2724 11
917 2716 925 2729 ,
948 2700 987 2736 p.
1011 2688 1107 2731 153,
1128 2694 1163 2723 et
1185 2685 1238 2722 les
1261 2685 1431 2722 versions
1450 2693 1599 2722 contra-

197 2750 373 2787 dictoires
392 2750 611 2800 rapportccs
633 2763 679 2786 en
700 2759 801 2786 note.
