1875 2956
673 230 813 264 LIBER
843 229 1109 265 SECUNDUS.
1514 228 1586 261 369

187 320 256 364 vir
294 327 478 364 sanctus
510 316 764 379 aliquando
798 325 1055 379 praeceptor
1086 313 1276 375 suerat),
1304 312 1484 373 sibique
1513 331 1590 357 ex-

187 394 417 458 probrans
440 394 649 440 Julianus
674 393 847 438 diceret
873 393 1040 454 gratias
1059 407 1106 437 se
1132 405 1267 452 agere
1284 388 1372 434 diis
1392 387 1590 433 deabus-

188 486 278 532 que
301 471 394 515 suis
418 469 547 532 quod
567 486 674 514 eum
698 484 871 513 caccum
894 466 1071 512 videret
1096 484 1105 511 ε
1129 485 1150 509 «
1175 465 1370 519 Gratias,
1398 485 1418 505 >³
1442 464 1594 525 inquit

189 547 257 590 vir
276 546 350 591 ille
374 556 576 604 sanctus,
620 565 641 586 «
665 560 752 605 ago
777 544 972 588 domino
999 545 1104 588 Jesu
1127 542 1328 599 Christo,
1358 543 1594 586 Nazareno

188 620 427 678 crucifixo,
452 621 562 682 quia
590 630 631 664 te
656 635 752 664 non
778 617 937 673 video3
969 636 990 659 »
1020 617 1168 678 majus
1191 616 1402 679 profecto
1426 617 1599 679 suppli-

189 697 312 741 cium
336 713 418 742 sua
438 696 636 741 orbitate
657 704 892 758 reputans,
915 693 1044 756 quod
1066 693 1252 755 tyranni
1269 692 1449 738 vultum
1468 694 1597 757 impii

190 783 233 818 et
258 774 458 819 crudelis
484 773 771 835 inspexisset.

255 851 374 896 Mala
396 866 507 895 vero
540 849 686 910 gentis
719 858 888 894 nostrae
910 857 955 894 et
986 856 1256 893 sanctorum
1284 847 1506 909 regnique
1532 857 1600 894 to-

191 928 279 972 tius
306 936 351 972 et
379 925 645 971 accolarum
680 925 823 987 ipsius
855 939 1087 970 {erumnas
1110 933 1155 968 et
1189 923 1471 969 calamitates
1496 940 1600 986 per-

191 1003 432 1061 maximas,
459 1001 550 1066 etsi,
576 1002 640 1047 eis
673 1001 907 1047 medelam
932 1001 1004 1047 vel
1039 1000 1217 1046 nullam
1250 1001 1321 1045 vel
1356 1002 1601 1046 minimam

190 1089 436 1142 praesentes
460 1078 624 1124 afferre
647 1078 977 1142 potuissemus,
1008 1078 1155 1123 oculis
1183 1087 1339 1123 tamen
1376 1078 1602 1141 inspicere

191 1172 288 1201 non
308 1171 648 1202 recusassemus
670 1172 757 1201 nec
778 1171 1120 1210 recusaremus,
1148 1164 1193 1200 et
1219 1154 1328 1199 flere
1353 1170 1460 1200 cum
1489 1154 1603 1200 flen-

191 1231 340 1289 tibus⁷
382 1249 564 1293 gemere
610 1249 718 1278 cum
760 1231 1053 1294 gementibus
1069 1268 1080 1290 ,
1123 1231 1211 1276 nisi
1252 1240 1603 1293 persecutorum

191 1308 414 1354 violentia
435 1318 480 1354 et
502 1309 769 1355 immanitas
787 1325 874 1355 nos
891 1324 1082 1372 prorsus
1105 1324 1132 1354 a
1151 1308 1281 1369 regni
1295 1317 1339 1352 et
1352 1307 1605 1370 provinciae

193 1382 365 1430 finibus
387 1384 718 1448 prohibuisset,
744 1383 1148 1447 quemadmodum
1170 1385 1216 1429 in
1242 1383 1559 1447 superioribus
1577 1400 1604 1430 a

194 1459 332 1506 nobis
366 1461 535 1506 exstitit
566 1461 749 1524 plenius
785 1471 1070 1507 enarratum.
1112 1462 1288 1506 Contra
1331 1476 1448 1522 quas
1496 1477 1604 1505 cum

196 1537 324 1582 nulla
347 1553 454 1599 ope,
490 1537 662 1583 nullius
692 1538 1058 1596 interventione,
1089 1537 1220 1582 nullo
1246 1537 1510 1600 patrocinio
1533 1553 1604 1583 rc-

194 1613 403 1658 medium
428 1614 639 1659 invenire
668 1630 945 1660 concessum
969 1613 1127 1673 fuerit,
1163 1613 1245 1659 sed
1270 1629 1297 1659 a
1320 1614 1479 1677 patriis
1502 1614 1605 1659 lari-

192 1692 298 1752 bus,
325 1709 352 1738 a
377 1693 520 1739 natali
546 1694 647 1739 solo
671 1704 715 1739 et
738 1710 765 1740 a
789 1703 888 1740 toto
912 1694 1122 1740 exsulare
1149 1694 1410 1756 oportuerit
1435 1709 1598 1755 regno,

194 1786 386 1831 magnas
412 1770 612 1833 proinde
643 1771 810 1832 gratias
840 1787 925 1817 nos
956 1770 1127 1817 debere
1156 1774 1257 1816 Deo
1289 1771 1602 1834 omnipotenti

193 1845 471 1908 profitemur
494 1857 633 1908 atque
663 1848 1058 1908 recognoscimus,
1082 1847 1211 1910 quod
1240 1863 1391 1910 neque
1415 1849 1602 1910 tyranni

196 1922 377 1968 vultum
411 1923 656 1986 inspicere,
684 1940 837 1985 neque
868 1940 1029 1969 coram
1062 1940 1119 1970 eo
1149 1924 1306 1970 sistere
1337 1925 1411 1970 vel
1446 1925 1487 1970 ei
1519 1942 1600 1988 pa—

196 2014 313 2058 rere,
342 2016 428 2045 nec
456 1999 667 2063 publicas
693 2001 990 2063 privatasque
1020 2001 1161 2046 totius
1184 2001 1388 2064 regionis
1411 2002 1601 2047 calami-

199 2084 312 2121 tates
335 2076 504 2121 intueri
529 2077 698 2122 nostris
721 2077 868 2123 oculis
892 2077 1166 2123 habeamus.

260 2153 355 2198 Tali
394 2153 652 2199 infortunio
699 2170 784 2200 nos
825 2164 1091 2217 reputantes
1131 2165 1386 2218 utcumque
1422 2156 1595 2210 felices,

195 2230 407 2291 lugemus
445 2230 656 2293 profecto
695 2247 748 2277 ac
790 2232 990 2277 multum
1033 2249 1088 2277 ex
1131 2232 1304 2278 intimis
1349 2232 1602 2278 visceribus

197 2307 503 2353 condolemus
535 2308 812 2354 miserandae
845 2309 1002 2371 patriae
1029 2314 1221 2372 eJ'usque
1256 2308 1517 2355 infelicibus
1543 2311 1603 2355 ci-

197 2382 353 2441 vibus,
382 2384 532 2447 quod,
563 2387 663 2430 Deo
688 2385 1006 2448 permittente,
1041 2386 1181 2431 talem
1204 2395 1394 2448 tamque
1418 2387 1602 2432 misera-

198 2458 341 2504 bilem
383 2471 556 2506 sortem
594 2462 882 2521 invenerint,
922 2462 1152 2524 tantisque
1183 2462 1484 2508 servitutibus
1512 2463 1603 2507 sint

199 2535 398 2594 addicti,
440 2538 504 2582 sic
546 2538 675 2599 quod
710 2555 814 2599 eos,
849 2539 1016 2603 procul
1050 2539 1219 2599 dubio,
1259 2539 1346 2585 sub
1377 2540 1456 2585 tali
1479 2550 1602 2585 sorte

200 2612 382 2673 gravius
397 2622 534 2674 atque
557 2613 800 2675 infelicius,
822 2632 964 2677 quam
983 2632 1070 2662 nos
1092 2617 1218 2679 ipsos
1237 2633 1316 2661 seu
1334 2616 1448 2661 alios
1468 2632 1605 2677 quos-

199 2688 330 2746 libet,
358 2689 643 2735 miserabiles
666 2708 798 2737 casus
822 2703 1053 2755 expertos,
1076 2693 1285 2738 exsulare
1307 2709 1404 2738 non
1425 2692 1607 2738 dubite-

331 2779 376 2801 111
1346 2771 1397 2806 24
