1875 2956
278 227 348 262 102
633 227 969 263 HISTORIARUM
999 227 1229 263 LUDOVlCl
1260 229 1310 262 Xl

276 313 429 359 nullus
455 325 554 361 erat
575 314 646 359 vel
673 329 804 358 rarus
822 348 833 370 ‚
856 311 937 373 qui
962 310 1021 356 ab
1046 311 1112 356 eis
1135 312 1206 356 vel
1227 329 1392 375 operas
1418 324 1676 378 expeteret,

274 390 345 435 vel
374 390 631 438 artificata¹
667 397 962 451 compararet
980 425 992 447 ⁷
1025 404 1194 451 magna
1228 388 1387 452 inopia
1416 391 1681 453 pariterque

275 468 431 514 inedia
462 468 595 513 famis
616 465 968 530 premebantur.

338 547 466 601 Quas
507 543 661 589 clades
692 543 833 588 etiam
865 542 1073 605 plurium
1113 558 1240 586 mors
1275 550 1416 603 atque
1445 542 1676 603 interituS,

274 633 374 668 tum
393 639 446 667 ex
467 620 684 667 moestitia
707 630 753 666 et
779 620 910 665 luctu
924 656 936 679 ,
958 629 1059 664 tum
1075 619 1213 664 variis
1233 635 1288 664 ex
1310 619 1678 680 aegi‘itudinibuS,

274 715 389 761 quas
424 699 568 743 sames
600 707 645 743 et
680 697 878 760 penuria
912 696 1183 742 victualium
1215 695 1559 759 parturiebant,
1585 698 1683 759 qui-

273 775 362 820 bus
387 783 579 837 perante
619 773 903 819 sufficienter
934 774 1058 819 vesci
1091 773 1214 819 soliti
1251 782 1406 831 erant,
1443 789 1468 818 e
1492 773 1682 835 vestigio

274 861 381 896 sunt
403 852 643 897 consecuti
664 870 674 908 ;
704 852 748 896 in
774 861 1050 913 tantumque
1078 860 1146 896 est
1165 851 1392 897 adauctus
1415 850 1684 898 mendican-

277 930 391 974 tium
412 945 637 974 numerus
667 928 915 991 cujuslibet
939 928 1082 974 atatis
1102 937 1241 990 atque
1268 944 1426 987 sexus,
1456 937 1507 972 ut
1530 928 1586 973 de
1617 929 1683 992 ip-

274 1005 334 1051 sis
365 1021 448 1068 per
472 1015 618 1050 totam
647 1021 778 1067 pa‘ne
807 1005 1043 1050 civitatem
1073 1004 1235 1067 plateae
1255 1004 1562 1067 replerentur.
1592 1005 1682 1061 Qui

275 1083 451 1128 nedum
481 1099 536 1128 ex
562 1082 747 1128 civitate
773 1092 904 1128 erant
923 1080 942 1140 3'
962 1082 1043 1128 sed
1068 1083 1209 1128 etiam
1228 1099 1283 1128 ex
1308 1081 1471 1127 vicinis
1497 1082 1615 1128 villis
1639 1093 1683 1129 et

275 1160 397 1220 agris
442 1159 524 1205 ubi
561 1159 750 1205 enutriti
795 1158 1008 1215 fuerant,
1044 1158 1260 1220 adigente
1293 1159 1587 1218 necessitate,
1623 1160 1683 1205 ad

275 1237 511 1282 cultatem
541 1253 628 1299 pro
661 1237 786 1282 victu
818 1237 1081 1282 necessario
1120 1235 1206 1282 sibi
1235 1236 1537 1300 procurando
1573 1253 1684 1282 con-

277 1314 501 1375 fugerant.
545 1300 746 1377 Eratque
780 1315 1001 1360 miserum
1026 1324 1071 1360 et
1093 1313 1393 1360 lamentabile
1417 1313 1574 1359 videre
1598 1314 1683 1359 im-

275 1390 450 1452 pletum
470 1391 518 1435 in
539 1390 632 1438 hoc
649 1390 829 1453 populo
847 1390 977 1452 quod
998 1391 1044 1436 in
1065 1390 1282 1449 Threnis,
1301 1407 1384 1453 per
1406 1389 1681 1453 prophetam

276 1467 545 1525 Jeremiam,
600 1466 659 1512 de
714 1467 1008 1529 lerosolymis
1053 1466 1238 1528 lugubri
1279 1467 1483 1512 carmine
1525 1477 1683 1512 canta-

276 1553 376 1587 tum
420 1543 527 1601 suit,
567 1543 722 1605 quod,
761 1563 782 1584 ι(
821 1544 900 1605 qui
938 1543 1067 1606 prius
1105 1542 1432 1588 nutriebantur
1476 1543 1677 1602 croceis,

276 1622 522 1684 amplexati
556 1632 665 1666 sunt
699 1631 921 1667 stercora.
961 1641 982 1662 »
1024 1624 1306 1682 Perurgente
1329 1620 1454 1666 enim
1487 1621 1682 1683 penuria

278 1696 504 1758 famisque
545 1697 725 1752 inedia,
765 1696 994 1742 vilissimis
1038 1707 1084 1741 et
1121 1706 1228 1742 ante
1265 1712 1455 1759 prorsus
1491 1697 1682 1742 insuetis

275 1772 394 1818 cibis
410 1773 620 1836 plerique
640 1772 1010 1818 mendicantium
1028 1772 1353 1819 vescebantur.
1380 1775 1433 1817 Et
1456 1773 1682 1835 superbis

277 1851 469 1913 quidem
506 1850 915 1914 compatiebantur
943 1861 989 1896 et
1026 1850 1373 1913 congemebant
1406 1851 1565 1910 multi3
1600 1852 1681 1897 sed

278 1928 586 1974 subveniebat
606 1928 776 1974 nullus.
799 1931 915 1974 Nam
937 1929 1016 1991 qui
1034 1928 1128 1974 hoc
1147 1929 1233 1974 soli
1254 1928 1535 1992 potuissent,
1557 1944 1684 1974 aver·
1721 1926 1725 1930 ’

279 2022 353 2051 sos
378 2023 566 2068 prorsus
589 2005 829 2070 habebant
851 2022 878 2052 a
900 2007 1280 2052 reconciliatione
1301 2016 1344 2051 et
1368 2021 1481 2069 pace
1501 2005 1683 2051 animos

278 2081 551 2128 obduratos.
605 2083 740 2128 Unde
777 2093 822 2128 et
869 2082 1116 2129 adversum
1160 2084 1391 2129 civitatem
1431 2092 1475 2127 et
1513 2082 1560 2126 in
1602 2098 1682 2126 eos

278 2159 440 2204 odium
462 2160 666 2222 plurium
690 2161 856 2205 animis
881 2161 1196 2207 cumularunt.

332 2309 367 2343 ¹.
401 2305 533 2342 Matth.
557 2306 788 2353 arttficialia.
