1875 2956
647 195 787 229 Lissizfi
825 193 1074 228 SEPTIMUS.
1483 200 1554 234 177

167 288 304 338 atque
327 279 536 337 inimica,
565 279 834 342 deputanda
864 289 995 337 sunt,
1030 279 1230 325 maxime
1252 279 1333 324 ubi
1366 296 1420 324 ex
1448 283 1557 328 dolo

168 354 290 399 malo
336 364 381 399 et
421 357 639 402 ementita
684 355 775 401 fide
818 355 1053 401 ducuntur
1093 365 1138 400 et
1180 355 1554 418 proficiscuntur.

167 431 301 491 Atqui
341 432 387 476 in
418 442 512 478 tam
538 433 693 477 multis
717 448 846 477 suam
876 431 1114 476 stultitiam
1149 431 1303 494 palam
1342 433 1561 479 manifes-

168 507 315 565 tabat,
361 509 490 569 quod
530 526 637 554 eum
675 524 864 571 prorsus
901 523 1102 552 vacuum
1142 506 1277 552 fuisse
1313 509 1560 570 prudentia

167 584 320 630 nullus
341 587 438 630 sani
458 585 621 645 judicii
642 583 875 645 ambigere
895 592 1061 645 potest.
1091 585 1209 628 Cum
1232 584 1358 629 enim
1380 586 1562 648 sapien-

167 659 364 705 tissimus
393 661 614 722 Salomon
650 658 847 705 affirmet
880 658 1031 720 quod,
1072 658 1152 719 qui
1180 660 1451 722 priusquam
1485 677 1561 707 au-

165 735 299 781 dierit
338 736 608 799 respondet,
649 735 840 780 stultum
880 751 926 779 se
962 751 1059 780 esse
1086 735 1373 781 demonstrat
1407 737 1561 799 (quod

166 812 260 874 ipse
283 830 401 876 saepe
426 823 470 858 et
496 812 758 874 frequenter
778 811 926 856 facere
954 811 1114 856 solitus
1140 813 1294 873 erat),
1321 813 1446 874 quis,
1468 814 1562 860 hoc

165 889 374 948 cognito,
398 888 565 934 habeat
595 888 652 933 de
676 889 773 949 ejus
798 887 988 933 stultitia
1007 886 1221 934 dubitare
1235 886 1257 933 ζ)

228 965 384 1009 Plures
409 964 466 1010 de
489 964 678 1009 diversis
699 964 948 1026 provinciis
970 965 1097 1024 regni
1119 965 1179 1010 ad
1199 981 1307 1011 eum
1333 977 1564 1012 venerunt

164 1041 434 1101 legationes,
472 1057 557 1104 pro
598 1041 777 1101 magnis
820 1050 865 1085 et
903 1039 1059 1085 arduis
1092 1042 1242 1086 causis
1277 1053 1322 1088 et
1369 1044 1564 1104 negotiis

163 1126 331 1161 statum
346 1117 703 1180 provincialium
712 1115 1120 1161 concernentibus.
1137 1117 1318 1173 Quibus
1336 1135 1443 1164 cum
1458 1119 1565 1166 data

162 1204 278 1239 esset
302 1195 492 1240 facultas
524 1211 682 1240 coram
715 1211 772 1239 eo
796 1194 1098 1256 comparendi
1139 1205 1183 1239 et
1218 1195 1455 1241 audientia
1489 1196 1565 1242 de-

162 1281 309 1327 creta,
336 1272 468 1333 quasi
494 1271 707 1316 omnium
737 1270 1024 1331 cogitatuum
1059 1287 1252 1316 suorum
1279 1281 1322 1316 et
1345 1271 1568 1317 dicendo-

163 1364 266 1392 rum
290 1364 372 1410 per
393 1364 473 1392 eos
509 1357 626 1392 esset
658 1346 896 1402 conscius,
932 1347 1060 1408 prior
1087 1347 1207 1408 ipse,
1234 1356 1458 1408 tanquam
1484 1364 1568 1410 per

163 1439 242 1467 eos
273 1423 370 1483 jam
403 1422 536 1467 dictis
571 1437 899 1484 responsurus,
933 1420 1077 1466 verba
1103 1422 1252 1467 facere
1285 1422 1562 1485 incipiebat,

162 1498 395 1542 interdum
419 1497 603 1560 probris
627 1506 672 1541 et
695 1496 990 1541 contumeliis
1015 1497 1153 1559 plena
1169 1534 1179 1553 ,
1207 1513 1315 1543 cum
1336 1500 1565 1545 stomachi

160 1573 299 1618 etiam
336 1572 504 1618 acerba
538 1572 858 1632 indignatione
891 1588 901 1614 t
933 1572 995 1616 ita
1025 1581 1075 1616 ut
1107 1572 1339 1635 supplices
1375 1575 1454 1635 qui
1490 1576 1568 1621 ad-

158 1658 403 1694 ventarant
429 1648 587 1710 legati,
621 1648 718 1709 ejus
742 1648 1061 1693 commotione
1089 1649 1293 1694 deterriti
1314 1686 1324 1708 ,
1361 1650 1565 1712 plerum-

161 1740 250 1786 que
274 1723 404 1785 quod
423 1724 716 1786 prosecuturi
740 1723 931 1768 fuissent
954 1733 998 1768 et
1019 1722 1171 1769 dicere
1195 1737 1560 1788 proposuerant,

164 1801 316 1862 potius
335 1800 567 1845 silendum
589 1799 813 1844 ducerent
838 1815 980 1860 quam
1017 1800 1392 1863 exprimendum.
1423 1803 1564 1858 Quod

161 1876 196 1920 si
220 1875 334 1920 forte
368 1877 432 1921 eis
464 1885 509 1920 et
535 1875 721 1921 dicendi
758 1875 946 1920 daretur
968 1876 1120 1935 locus,
1146 1887 1302 1922 tamen
1328 1878 1421 1935 vix,
1455 1896 1563 1924 cum

161 1953 405 1998 exordium
446 1952 764 2012 inchoassent,
805 1953 1006 2015 spatium
1039 1953 1096 1998 ad
1135 1953 1311 2015 aliquid
1339 1970 1565 2001 enarran-

161 2029 274 2074 dum
311 2027 748 2073 concludendumve
793 2028 1124 2090 praestabatur3
1167 2029 1248 2074 sed
1292 2031 1456 2092 saepius
1502 2031 1561 2077 ab

161 2120 216 2149 eo
255 2120 420 2149 eorum
450 2102 876 2166 interrumpebatur
912 2104 1092 2161 oratio,
1131 2114 1175 2150 et
1202 2114 1252 2149 ut
1278 2104 1420 2150 finem
1458 2124 1561 2152 ser-

165 2180 293 2225 moni
322 2180 525 2225 facerent
547 2179 619 2224 vel
642 2195 688 2224 se
713 2195 854 2240 quam
880 2178 1066 2224 brevius
1094 2179 1391 2226 absolverent
1414 2182 1561 2245 impe-

164 2256 388 2302 rabatur:
425 2267 608 2303 tantum
657 2256 980 2302 inardescebat
1026 2258 1179 2302 studio
1226 2259 1295 2303 vel
1341 2259 1561 2307 faciendae

165 2334 500 2396 responsionis,
541 2334 612 2378 vel
648 2334 813 2395 quovis
853 2334 943 2379 alio
989 2333 1264 2380 divertendi.
1308 2337 1443 2397 Atqui
1494 2354 1561 2382 re-

164 2411 463 2472 sponsionem
505 2410 585 2455 ubi
629 2411 778 2455 facere
823 2410 1202 2472 aggrediebatur,
1249 2421 1340 2457 tam
1385 2414 1558 2458 inculto

166 2486 564 2548 incompositoque
599 2503 646 2532 se
684 2487 920 2533 effutiebat
957 2504 1200 2547 sermone,
1247 2490 1375 2551 quod
1408 2491 1454 2534 in
1493 2491 1560 2535 di-

166 2562 314 2607 eendo
355 2579 493 2625 supra
540 2562 737 2625 duplum
775 2564 907 2626 spatii
957 2574 1000 2609 et
1043 2565 1289 2627 temporis,
1335 2566 1462 2626 quod
1498 2567 1558 2612 ad

164 2654 321 2683 corani
359 2654 405 2682 se
452 2638 683 2683 orandum
726 2640 1002 2697 indulserat,
1047 2656 1233 2686 suarum
1279 2640 1557 2703 ineptiarum

268 2729 314 2754 111
1323 2718 1372 2753 12
