1875 2956
735 189 880 225 LIBER
910 190 1103 226 PRIMUS.
1532 193 1608 230 245

216 271 353 316 stolas
377 287 485 316 cum
510 273 910 334 instructionibus,
938 277 1069 321 sicuti
1092 277 1151 322 ad
1175 277 1316 339 ipsos,
1345 277 1568 324 detulerat
1596 299 1603 324 ε

215 347 345 391 veriti
386 359 576 411 propter
611 367 716 396 eam
752 368 850 397 rem
884 353 1016 414 regite
1051 353 1300 414 majestatis
1334 353 1610 414 indignatio-

215 436 323 465 nem
357 422 615 481 incurrere,
654 424 900 486 eidemque
936 435 1173 488 suspectos
1199 425 1297 470 fieri
1321 426 1429 488 (qui
1453 428 1611 474 onmia

214 498 589 546 machinamenta
620 500 700 546 filii
724 502 793 546 sui
822 512 1033 564 suspecta
1063 502 1365 548 veliementer
1392 502 1607 561 haberet,

165 594 170 597 ’
214 583 258 618 et
281 576 572 637 potissimum
594 593 649 622 ex
674 594 730 622 eo
751 578 880 639 quod
908 578 1033 623 idem
1052 577 1188 637 filius,
1210 594 1328 640 quos
1351 588 1534 641 poterat
1553 579 1611 625 de

215 652 436 697 militibus
455 653 745 716 ducibusque
762 655 967 716 paternis
982 654 1255 700 muneribus
1273 665 1353 700 aut
1374 656 1613 718 promissis

214 729 475 790 pelliciebat
508 740 552 775 et
573 730 632 776 ad
654 747 701 775 se
723 731 914 791 singulis
938 747 1086 793 prope
1112 730 1278 776 diebus
1302 731 1608 793 attrahebat),

213 815 515 867 properanter
555 806 796 868 epistolam
838 822 980 868 quam
1024 823 1347 869 receperamus
1387 824 1494 852 cum
1531 808 1614 852 in·-

213 882 544 927 structionibus
563 883 771 928 misimus
793 883 850 929 ad
871 900 1043 944 regem,
1067 900 1151 947 per
1166 884 1339 929 litteras
1364 900 1450 929 nos
1472 900 1611 929 excu-

213 965 364 1000 santes
396 956 523 1017 quod
548 973 652 1002 eam
686 973 784 1002 rem
821 974 914 1002 non
954 958 1088 1003 citius
1121 956 1207 1003 sibi
1245 958 1608 1016 nuntiassemus,

213 1032 342 1092 quod
368 1034 560 1080 minime
587 1035 895 1080 necessarium
918 1035 1334 1094 aestiniaveramus,
1365 1051 1473 1080 cum
1497 1034 1611 1079 nihil

213 1110 467 1155 molitionis
499 1119 662 1156 contra
696 1111 983 1172 majestatem
1015 1126 1147 1155 suam
1177 1111 1494 1168 continerent,
1534 1126 1612 1155 re-

212 1205 438 1251 sponsum
470 1191 610 1236 etiam
642 1189 770 1252 quod
796 1190 961 1235 nuntio
995 1189 1273 1236 dederamus
1305 1190 1607 1235 insinuantes.

214 1267 305 1311 Rex
329 1276 484 1312 autem
519 1267 903 1312 clementissimus
935 1267 1283 1312 excusationem
1308 1265 1499 1327 quidem
1528 1265 1611 1310 be-

212 1343 351 1403 nigne
382 1344 604 1405 suscepit3
639 1342 719 1387 sed
751 1351 847 1387 tota
872 1342 937 1387 rei
968 1342 1106 1387 series
1134 1350 1178 1386 et
1210 1341 1323 1402 quid
1360 1357 1446 1385 nos
1476 1350 1610 1385 caete-

211 1419 365 1479 rique,
405 1418 465 1463 ad
505 1434 623 1479 quos
665 1419 934 1480 scripserat,
983 1416 1269 1475 fecissemus,
1312 1416 1398 1478 ipsi
1433 1414 1610 1461 delfino

210 1496 364 1539 statim
400 1496 618 1539 innotuit.
661 1493 875 1539 Habebat
905 1493 1031 1538 enim
1062 1494 1110 1538 in
1139 1493 1283 1538 domo
1312 1503 1507 1555 paterna
1530 1494 1610 1556 qui

211 1581 378 1617 cuncta
400 1570 513 1629 sibi,
540 1587 642 1633 quae
673 1587 808 1616 nosse
834 1570 1113 1633 potuissent,
1142 1570 1425 1615 nuntiarent.

275 1650 340 1691 Ex
369 1647 449 1693 illo
475 1663 613 1708 erg0,
650 1657 702 1692 ut
736 1647 966 1709 conjicere
992 1661 1263 1708 possumus,
1294 1646 1400 1691 licet
1430 1656 1608 1692 certum

212 1725 407 1769 omnino
451 1741 548 1770 non
583 1724 863 1782 habeamus,
912 1723 1008 1768 odii
1051 1722 1198 1768 fomes
1241 1723 1488 1768 adversum
1524 1740 1610 1769 nos

211 1802 377 1845 exoriri
400 1802 706 1847 verisimiliter
733 1801 907 1863 potuit,
948 1800 1078 1860 quasi
1111 1817 1158 1845 se
1181 1816 1208 1846 a
1233 1800 1369 1845 nobis
1402 1810 1609 1863 spretum

211 1894 319 1923 cum
354 1877 426 1922 his
461 1894 561 1939 quae
601 1894 647 1922 se
693 1877 1003 1940 praestiturum
1037 1875 1292 1921 honoraria
1327 1877 1609 1938 amplissima

210 1953 528 2016 promittebat,
555 1963 971 2016 contemptumque
991 1953 1215 1999 {cstimare
1230 1954 1450 2016 potuerit.
1470 1954 1609 2008 Quod

210 2032 420 2094 profecto
442 2031 591 2077 facere
620 2048 717 2077 non
742 2030 928 2089 debuit,
957 2030 994 2075 si
1017 2030 1186 2092 pietate
1210 2030 1487 2075 instructum
1511 2031 1610 2075 ani-

211 2125 339 2153 mum
359 2109 417 2154 ad
431 2125 566 2154 suum
587 2109 845 2169 genitorem
866 2108 1098 2170 optimum
1111 2107 1346 2152 tenuisset.
1372 2107 1463 2151 Sed
1482 2107 1607 2167 quia,

211 2194 398 2230 mortuo
422 2195 578 2248 patre,
613 2201 776 2230 omnes
803 2185 882 2246 qui
908 2183 1059 2228 eidem
1094 2184 1215 2246 patri
1247 2183 1449 2228 cariores
1483 2182 1612 2228 fami-

211 2261 508 2324 liarioresque
532 2263 815 2320 exstiterant,
841 2276 1012 2321 magno
1045 2260 1156 2305 odio
1182 2277 1229 2305 se
1254 2259 1473 2305 habuisse
1495 2259 1613 2303 indi-

213 2339 331 2383 cavit
352 2355 525 2401 eosque
550 2339 741 2385 diversis
764 2355 817 2383 ac
847 2338 983 2383 variis
1011 2337 1413 2400 persecutionibus
1436 2336 1610 2391 affecit,

217 2432 309 2460 non
335 2418 723 2481 improbabiliter,
753 2417 815 2463 ob
848 2417 1120 2478 hujusmodi
1157 2433 1298 2479 quam
1335 2416 1615 2460 retexuimus

216 2507 424 2552 causam,
455 2495 686 2540 infensum
707 2511 814 2540 eum
839 2493 976 2539 nobis
996 2493 1231 2538 redditum
1252 2503 1297 2537 et
1323 2493 1368 2536 in
1392 2508 1476 2536 nos
1499 2508 1614 2535 eon-

217 2568 389 2629 cepisse
413 2571 574 2616 odium
598 2587 876 2633 praesumere
898 2586 1163 2633 possumus.

281 2642 371 2686 Sed
404 2642 496 2687 hoc
531 2643 720 2703 quidem
759 2644 976 2703 exiguum
1007 2652 1074 2686 est
1111 2651 1155 2686 et
1188 2657 1410 2703 parvum,
1452 2656 1617 2684 eorum
