1875 2956
704 217 845 251 LIBER
877 215 1070 251 PRIMUS.
1509 220 1584 253 293

185 311 230 347 et
252 300 564 346 laborantium
593 301 800 347 febribus
838 302 971 346 simul
1017 318 1112 346 uno
1150 310 1360 363 tempore
1391 302 1583 348 inveniri

192 378 453 439 Perpiniani
505 379 787 440 potuissent,
834 395 857 422 e
903 377 1073 438 quibus
1131 393 1269 439 supra
1310 377 1588 438 quingentos

186 453 379 500 morbus
400 456 629 501 exstinxit.
662 458 755 500 Nos
779 455 943 514 etiam,
969 456 1099 514 licet,
1128 454 1287 499 diviua
1322 469 1408 498 nos
1432 465 1588 517 prote-

186 540 320 592 gente
346 531 592 577 clementia
611 568 622 590 ,
658 531 718 577 ad
750 529 934 576 febriles
966 547 1113 593 usque
1142 529 1335 574 minime
1364 545 1589 592 pervene-

184 608 329 652 rimus
351 617 510 666 aestus,
537 623 654 670 saepe
678 616 834 652 tamen
858 606 922 652 ob
942 606 1289 652 vehementiam
1313 615 1358 651 et
1380 623 1589 668 perseve-

185 685 383 729 rantiam
400 684 610 729 calorum
624 683 803 728 alterati
823 692 868 728 et
886 682 1140 744 disgratiati
1155 682 1343 740 fuimus,
1364 684 1591 746 patientes

186 760 448 822 frequenter
482 775 700 820 magnam
737 759 1048 805 defectionem
1087 759 1316 805 stomachi
1339 770 1383 805 et
1406 761 1587 806 virtutis

184 827 437 897 digrestivae,
476 846 639 881 contra
674 851 817 897 quam
845 835 1132 898 quotidianis
1171 853 1302 899 psene
1337 836 1591 882 medicina-

185 913 304 957 libus
351 913 572 959 antidotis
625 912 763 959 nobis
802 929 1013 975 pugnare
1058 913 1304 958 necessitas
1348 923 1460 959 erat.
1519 917 1587 958 De

184 990 352 1034 nostris
383 1006 493 1035 vero
532 988 838 1035 familiaribus
865 990 1020 1034 nullus
1054 990 1196 1035 ferme
1227 989 1313 1034 fuit
1346 1000 1587 1053 exemptus

184 1067 296 1127 quin
322 1076 400 1111 aut
425 1066 656 1122 febribus,
684 1076 762 1112 aut
793 1067 883 1111 alio
914 1068 1042 1127 gravi
1073 1066 1244 1112 morbo
1267 1066 1518 1114 laboraret.

633 1264 969 1307 CAPITULUM
1005 1265 1123 1306 Xlll.

390 1387 440 1418 Dc
457 1387 590 1420 licentia
608 1385 777 1420 redeundi
796 1399 815 1420 a
832 1398 911 1431 rege
926 1386 1033 1431 petita
1050 1394 1083 1418 et
1100 1386 1143 1418 ab
1161 1398 1201 1418 eo
1222 1386 1373 1419 obtenta.

247 1494 387 1553 Igitur
403 1510 511 1538 cum
526 1503 621 1538 tam
641 1493 957 1555 periculosum
977 1492 1071 1537 illic
1090 1492 1271 1537 aestivos
1284 1492 1488 1555 perferre
1509 1509 1586 1539 ca-

180 1570 301 1614 lores
327 1570 501 1632 experti
525 1569 786 1625 fuissemus,
805 1569 1081 1632 priusquam
1099 1585 1286 1614 necesse
1304 1569 1586 1616 haberemus

181 1648 435 1694 secundam
466 1649 559 1694 illic
588 1649 793 1711 opperiri
817 1658 863 1694 et
884 1658 1151 1711 exspectare
1181 1658 1413 1705 aestatem,
1458 1665 1588 1695 cura—

183 1726 331 1770 vimus
366 1736 411 1770 et
443 1727 551 1771 totis
581 1726 757 1771 viribus
790 1727 941 1771 annisi
973 1726 1145 1771 fuimus
1175 1727 1369 1787 gratiam
1391 1727 1530 1772 talem
1560 1744 1586 1773 a

181 1817 287 1862 rege
316 1802 590 1865 impetrare,
623 1812 674 1847 ut
697 1802 960 1847 revertendi
984 1803 1033 1847 in
1059 1803 1304 1848 Franciam
1343 1802 1482 1849 nobis
1519 1804 1584 1850 fa—

183 1879 328 1923 cultas
363 1879 720 1941 permitteretur.
763 1880 819 1923 Et
852 1895 938 1942 pro
973 1894 1026 1924 ea
1059 1879 1248 1941 quidem
1287 1879 1434 1940 gratia
1472 1896 1589 1925 assez

182 1955 397 2017 quenda,
425 1956 580 2018 plures
599 1956 942 2019 deprecatorias
973 1956 1189 2019 epistolas
1212 1956 1299 2001 sibi
1326 1973 1433 2002 cum
1457 1960 1587 2003 omni

182 2032 443 2077 humilitate
467 2032 758 2095 scripsimus,
782 2032 952 2094 quibus
974 2033 1248 2094 hujusmodi
1273 2049 1299 2077 a
1322 2049 1369 2079 se
1394 2035 1586 2094 gratiam

184 2110 319 2156 nobis
353 2110 519 2156 donari
556 2110 855 2174 petebamus,
883 2110 941 2156 de
961 2112 1217 2174 pensione,
1256 2112 1328 2157 vel
1363 2128 1450 2174 pro
1474 2130 1589 2176 prze-

184 2188 316 2234 terito
339 2188 437 2249 jam
464 2198 675 2251 tempore
702 2205 798 2250 quo
823 2188 911 2234 sibi
932 2189 1025 2234 illic
1046 2190 1351 2235 servieramus
1367 2227 1378 2249 ,
1400 2191 1484 2238 ,vel
1503 2208 1588 2254 pro

184 2265 337 2309 futuro
365 2302 376 2324 ,
421 2265 599 2310 nullam
642 2281 833 2328 prorsus
890 2265 1110 2311 facientes
1160 2268 1468 2312 mentionem,
1520 2270 1588 2312 De

186 2341 348 2386 eadem
383 2357 432 2386 re
476 2342 617 2387 etiam
655 2342 828 2404 pariter
862 2342 1035 2405 pluries
1072 2343 1339 2406 scripsimus
1372 2343 1432 2388 ad
1462 2359 1589 2387 reve-

186 2418 383 2462 rendum
417 2418 464 2462 in
493 2418 676 2463 Christo
706 2429 886 2481 patrem
917 2419 1166 2465 dominum
1200 2421 1474 2483 episcopum
1504 2418 1587 2463 Ab·

187 2493 445 2538 rincensem
464 2498 501 2553 ¹3
533 2495 662 2556 cujus
687 2496 967 2542 interventio
990 2498 1116 2560 apud
1140 2514 1323 2560 regem,
1352 2498 1481 2558 cujus
1507 2513 1587 2542 au-

243 2630 278 2664 1.
310 2631 401 2664 Jean
429 2630 597 2666 Bocbard
613 2659 622 2673 ‚
648 2645 721 2679 que
749 2632 909 2668 l'auteur
931 2633 1077 2682 appelle
1104 2635 1282 2668 Baacard
1300 2633 1391 2668 dans
1417 2645 1483 2669 son
1504 2632 1589 2669 His-

188 2689 280 2724 toire
299 2688 349 2724 du
369 2689 484 2738 regne
504 2690 550 2725 de
572 2691 685 2727 Louis
704 2693 773 2736 XI,
797 2701 821 2728 t.
844 2695 894 2734 11,
914 2706 951 2740 p.
976 2695 1039 2728 35.
