1875 2956
678 266 821 300 LIBER
864 265 1129 301 SECUNDUS.
1536 266 1608 299 355

205 351 285 398 sed
304 351 471 397 veritas
492 361 657 398 contra
682 353 729 397 in
755 355 879 398 Luca
899 351 1051 414 inquit
1078 368 1087 395 ε
1120 369 1143 393 <‹
1172 349 1313 406 Quod
1337 349 1611 395 hominibus

203 427 348 473 altum
370 437 459 488 est,
489 427 778 475 abominatio
805 438 872 474 est
897 438 1004 474 ante
1029 430 1206 486 Deum3
1238 446 1260 470 »
1293 435 1338 472 et
1364 427 1607 489 sapientis-

203 503 346 548 simus
376 505 577 565 Seneca,
605 524 628 548 (ι
653 506 821 566 Magna
844 522 866 546 »
891 503 1044 565 inquit
1071 523 1092 544 α
1120 503 1315 548 servitus
1342 511 1411 547 est
1440 518 1610 564 magna

203 578 405 626 fortuna.
433 600 455 624 »
481 583 594 638 Quae
621 580 813 644 quidem
843 579 1038 624 servitus
1071 594 1169 623 non
1199 576 1474 636 abnuenda,
1501 594 1610 622 cum

202 656 286 702 ritc
310 657 584 721 imponitur,
611 674 699 703 nec
723 656 985 719 abjicienda
1006 664 1074 700 est
1092 655 1163 700 vel
1190 654 1426 717 fugienda,
1445 655 1525 700 ubi
1549 655 1610 701 ad

202 734 525 795 proximorum
555 734 800 779 utilitatem
833 741 1027 796 propter
1051 734 1204 777 Deum
1228 731 1422 794 perferri
1459 741 1504 778 et
1531 748 1609 778 ex-

201 809 344 871 pendi
366 820 539 873 potest,
569 808 649 854 sed
680 818 803 854 certe
828 808 1029 854 libenter
1048 807 1295 854 subeunda
1314 817 1358 853 et
1378 818 1611 870 gratanter

202 894 341 948 atque
361 886 636 931 obedienter
655 886 927 932 sustinenda
949 901 1007 931 ex
1031 884 1191 931 debito
1220 886 1436 932 caritatis.

266 962 357 1007 Sed
379 972 476 1008 esto
500 962 630 1024 quod
647 962 732 1007 rite
753 963 856 1024 quis
879 962 939 1008 ad
965 962 1152 1008 culmen
1177 962 1514 1024 cujuscumque
1533 962 1614 1007 di—

201 1038 385 1098 gnitatis
408 1055 490 1085 seu
514 1039 930 1085 administrationis
949 1040 1221 1103 temporalis
1240 1039 1545 1103 provehatur,
1569 1048 1609 1084 et

199 1130 305 1161 eam
323 1126 535 1162 exerceat
557 1125 696 1178 atque
719 1115 1011 1161 administret
1030 1126 1082 1161 ut
1103 1116 1255 1173 decet,
1277 1115 1408 1177 quid,
1436 1132 1609 1178 quaeso,

200 1190 249 1235 in
277 1191 563 1237 culminibus
592 1202 635 1237 et
663 1192 854 1253 fastigiis
882 1191 1154 1253 hujusmodi
1178 1192 1509 1254 temporalium
1529 1190 1613 1237 ad-

201 1268 599 1316 ministrationum
624 1278 763 1332 atque
785 1269 1025 1314 honorum
1046 1279 1091 1314 et
1115 1269 1394 1330 dignitatum
1416 1269 1608 1327 exsistit,

201 1355 367 1408 praeter
380 1347 465 1391 Dei
480 1356 525 1392 et
544 1347 745 1409 proximi
762 1355 955 1410 propter
972 1346 1057 1391 Dei
1078 1343 1386 1392 famulatum?
1408 1348 1463 1390 Et
1479 1344 1611 1407 quod

201 1423 402 1485 proinde
427 1440 525 1468 non
549 1424 596 1468 in
618 1423 708 1469 hac
732 1423 1000 1469 transitoria
1024 1423 1141 1482 vita,
1170 1422 1251 1468 sed
1274 1423 1322 1467 in
1356 1422 1511 1466 futura
1535 1420 1615 1466 ha-

202 1497 414 1544 bendum
451 1499 696 1562 praemium
736 1508 1044 1561 exspectatur,
1085 1497 1201 1559 quid
1242 1497 1464 1560 sapientis
1505 1497 1613 1541 ani-

202 1590 334 1619 mum
359 1591 645 1637 magnopere
675 1574 955 1633 demulceat,
977 1574 1051 1619 vel
1072 1573 1304 1618 ullatenus
1329 1572 1511 1618 felicem
1535 1583 1614 1618 aut

201 1649 393 1696 beatum
422 1650 616 1709 efficiat,
640 1650 853 1714 profecto
878 1666 977 1695 non
1004 1649 1135 1695 facile
1156 1649 1357 1712 perspici
1384 1659 1464 1695 aut
1487 1650 1613 1696 inve-

203 1728 292 1772 niri
320 1738 487 1790 potest.
517 1728 692 1791 Saepius
710 1728 837 1773 enim
855 1726 1047 1773 eosdem
1065 1727 1273 1772 honores
1292 1742 1346 1773 ac
1366 1726 1613 1788 dignitates

203 1804 376 1866 iniquis
400 1814 444 1849 et
470 1803 797 1866 insipientibus
822 1819 966 1865 quam
990 1802 1130 1848 bonis
1160 1812 1300 1864 atque
1326 1803 1613 1866 sapientibus

204 1881 452 1943 provenire
486 1889 531 1925 et
569 1879 629 1925 ad
662 1896 742 1925 eos
766 1880 936 1925 deferri
960 1879 1191 1925 videmus.
1230 1880 1372 1935 Quod
1401 1881 1483 1926 etsi
1512 1898 1616 1944 per-

202 1958 393 2002 versitas
416 1956 586 2013 saeculi,
613 1965 665 2001 ut
686 1955 922 2017 eleganter
943 1955 1108 2002 beatus
1132 1956 1283 2018 inquit
1306 1958 1609 2018 Augustinus,

203 2032 234 2077 l.
263 2036 319 2089 V,
350 2036 419 2079 De
443 2034 625 2079 civitate
658 2032 766 2087 Dei,
802 2049 843 2077 c.
882 2049 999 2090 xvn,
1036 2032 1301 2078 admitteret
1329 2043 1381 2078 ut
1409 2033 1614 2080 honora-

203 2110 345 2156 tiores
367 2120 519 2156 essent
542 2110 716 2172 quique
740 2110 973 2170 meliores,
1003 2126 1091 2156 nec
1120 2110 1184 2155 sic
1216 2126 1303 2173 pro
1328 2126 1500 2173 magno
1524 2111 1606 2158 ha-

204 2185 304 2233 beri
342 2187 505 2233 debuit
532 2187 690 2232 honor
720 2186 980 2246 humanus,
1014 2188 1125 2248 quia
1162 2203 1271 2233 vera
1307 2188 1611 2234 aestimatione

204 2266 376 2311 nullius
400 2276 467 2312 est
489 2264 713 2329 ponderis
739 2264 910 2310 fumus.
937 2265 1062 2321 Quin
1089 2265 1186 2310 imo
1211 2264 1387 2312 eisdem
1418 2265 1611 2311 honori-

204 2340 309 2399 bus,
332 2343 473 2389 etiam
496 2359 605 2388 cum
630 2350 754 2387 recte
778 2350 825 2386 et
848 2357 902 2387 ex
926 2340 1058 2387 bono
1087 2351 1132 2387 et
1153 2358 1288 2404 aequo
1312 2341 1611 2405 possidentur

206 2428 343 2481 atque
379 2419 777 2476 administrantur,
820 2428 889 2464 tot
924 2436 1046 2465 curae
1078 2428 1218 2481 atque
1254 2419 1502 2476 molestiae,
1544 2429 1612 2465 tot

208 2505 358 2541 metus
383 2506 427 2541 et
445 2497 667 2560 pericula,
699 2506 768 2541 tot
786 2495 972 2542 labores
994 2505 1039 2542 et
1059 2496 1394 2542 sollicitudines
1413 2513 1614 2541 connec-

208 2582 370 2618 tuntur
394 2582 440 2617 et
466 2573 723 2632 cohaerent,
759 2583 810 2618 ut
831 2590 885 2619 ex
909 2589 964 2619 ea
992 2583 1123 2636 parte
1153 2590 1251 2618 non
1280 2573 1425 2618 modo
1454 2589 1614 2635 quem-

208 2664 351 2711 quam
375 2648 554 2694 felicem
579 2659 659 2695 aut
685 2648 895 2698 beatum.
922 2650 1003 2695 sed
1032 2650 1188 2713 potius
1217 2649 1449 2695 infelicem
1473 2659 1612 2712 atque

209 2726 430 2771 miserum
460 2725 642 2771 efficere
672 2734 715 2771 et
746 2725 941 2772 reddere
969 2726 1135 2789 procul
1169 2724 1316 2770 dubio
1340 2724 1604 2772 videantur.
