1875 2956
687 172 829 207 LIBER
858 171 1055 206 PRIMUS.
1491 172 1563 207 335

167 261 349 320 fregisse
369 295 379 314 ‚
421 268 561 320 atque
597 259 736 303 etiam
773 258 818 302 in
852 258 1099 319 semetipso
1127 265 1171 301 et
1204 271 1314 301 casu
1346 258 1562 318 proprio,

166 335 587 399 compertissimum
610 334 803 380 haberet
822 334 829 380 !

230 415 358 471 Haec,
394 422 443 457 ut
476 413 814 469 existimamus,
845 411 1034 456 abunde
1062 409 1272 456 sufficere
1306 408 1480 454 debent
1507 411 1567 456 ad

166 487 440 534 refellendas
460 488 747 550 objectiones
772 503 952 546 omnes,
976 503 1077 548 quac
1098 486 1157 533 ab
1176 486 1568 533 obtrectatoribus

168 566 321 610 forsan
355 565 401 609 in
434 565 523 610 hac
550 566 743 611 materia
772 563 870 609 fieri
894 573 1099 626 possent.
1138 566 1254 609 Nam
1284 563 1412 625 quod
1443 565 1569 626 prin-

166 642 325 704 cipum
359 642 588 687 mandatis
621 651 759 703 atque
785 650 1067 704 potestatum
1097 641 1249 704 pareri
1282 642 1563 704 praecipitur,

166 719 518 779 intelligendum
553 722 640 763 est¹
673 718 864 780 quando
899 717 1116 780 princeps
1149 717 1354 778 legitime
1387 729 1431 763 et
1460 735 1567 764 cum

167 806 293 841 recto
320 796 484 841 ordine
508 811 657 854 suam,
685 811 827 857 quam
848 794 907 840 ad
927 794 1020 840 boc
1049 795 1227 857 accepit
1250 811 1277 840 a
1300 798 1418 854 Deo,
1444 812 1570 841 exse-

166 874 322 934 quitur
347 883 638 937 potestatem.
677 875 806 917 Tunc
837 872 962 917 enim
993 871 1073 917 tali
1108 872 1371 935 parendum
1404 882 1493 929 est,
1525 882 1571 918 et

166 947 309 994 habet
328 950 485 994 locum
501 948 629 1010 quod
649 949 815 994 Paulus
832 948 1071 1011 apostolus
1089 947 1149 993 ad
1172 949 1424 1006 Romanos,
1446 951 1566 1007 XIII,

166 1025 227 1070 ait
253 1044 261 1070 :
295 1046 315 1067 t<
343 1027 433 1082 Qui
460 1027 673 1088 potestati
696 1025 878 1081 resistit,
912 1025 997 1070 Dei
1021 1023 1307 1070 ordinationi
1333 1025 1512 1070 resistit.
1544 1043 1567 1067 υ

171 1100 302 1146 Unde
326 1102 431 1148 licet
458 1102 611 1148 forsan
636 1103 736 1148 aliis
759 1100 1030 1162 subjaceant
1051 1101 1189 1158 vitiis,
1215 1110 1332 1159 tum,
1361 1101 1473 1146 dum
1498 1117 1572 1147 ac-

166 1186 300 1239 cepta
323 1194 349 1223 a
373 1181 472 1223 Deo
495 1179 697 1240 legitime
715 1194 797 1223 sua
820 1186 1017 1223 utuntur
1033 1186 1277 1240 potestate,
1301 1178 1347 1221 in
1367 1194 1422 1222 eo
1441 1178 1570 1239 quod

168 1263 391 1315 tanquam
415 1255 606 1316 legitimi
629 1255 862 1318 principes
890 1256 1138 1317 imperant,
1167 1264 1233 1299 est
1257 1254 1432 1299 eisdem
1458 1255 1571 1300 obe-

165 1325 408 1384 diendum,
441 1338 485 1373 et
514 1345 598 1391 per
624 1328 717 1373 hoc
748 1345 845 1373 non
873 1338 1055 1374 tantum
1082 1327 1222 1373 bonis
1251 1337 1296 1372 et
1329 1328 1567 1384 modestis,

165 1403 247 1448 sed
271 1405 412 1451 etiam
449 1405 651 1467 dyscolis
684 1415 730 1451 et
761 1406 872 1452 alias
905 1406 1038 1451 malis
1072 1415 1117 1450 et
1150 1405 1327 1450 vitiosis
1360 1415 1427 1449 est
1455 1405 1570 1451 obe·

165 1480 339 1527 dientia
366 1481 656 1535 exhibenda,
695 1492 745 1527 ut
770 1499 825 1528 ex
850 1483 1123 1528 auctoritate
1149 1481 1272 1526 beati
1305 1482 1423 1526 Petri
1456 1498 1571 1545 apo-

164 1559 268 1603 stoli
293 1559 485 1604 inducta
514 1560 622 1604 satis
653 1568 862 1622 apparet.
891 1559 1012 1604 Hinc
1040 1567 1107 1604 est
1132 1557 1285 1619 quod,
1313 1575 1421 1603 cum
1450 1576 1572 1604 sum-

166 1651 269 1679 mus
282 1635 516 1694 sacerdos,
534 1651 694 1681 coram
710 1652 805 1698 quo
823 1636 952 1681 velut
964 1636 1012 1680 in
1026 1635 1129 1696 jure
1153 1635 1322 1680 Paulus
1334 1635 1572 1697 apostolus

165 1712 428 1769 sistebatur,
455 1730 564 1758 eum
589 1713 757 1774 injuste
780 1723 824 1758 et
848 1711 1227 1758 irrationabiliter
1244 1711 1448 1772 jussisset
1471 1728 1572 1774 per-

166 1789 261 1833 cuti
288 1799 333 1834 et
361 1790 491 1848 caedi,
526 1790 680 1834 statim
711 1789 878 1835 Paulus
906 1788 1147 1851 respondit
1172 1806 1181 1832 :
1216 1809 1235 1829 ι(
1269 1789 1497 1833 percutiet
1529 1799 1571 1835 te

167 1867 307 1922 Deus,
332 1867 482 1929 paries
499 1865 729 1911 dealbate.
752 1868 819 1910 Tu
836 1865 968 1911 sedes
985 1865 1195 1927 judicare
1216 1883 1290 1911 me
1311 1866 1571 1912 secundum

165 1942 333 2003 legem,
354 1952 397 1988 et
412 1953 577 1989 contra
589 1943 737 2004 legem
754 1942 890 2003 jubes
907 1959 981 1987 me
1004 1943 1201 2005 percuti.
1224 1962 1245 1985 »
1264 1945 1320 1987 Et
1333 1959 1441 1987 cum
1455 1943 1494 1987 ei
1510 1942 1569 1988 ab

167 2017 457 2064 adstantibus
489 2018 849 2081 exprobraretur
882 2017 1011 2079 quod
1044 2017 1353 2063 maledixisset
1384 2034 1570 2063 summo

166 2095 252 2139 Dei
277 2095 530 2153 sacerdoti,
567 2095 691 2139 illico
727 2111 773 2139 se
805 2110 1066 2156 expurgans
1096 2094 1244 2139 dixit:
1277 2113 1296 2136 α
1332 2097 1430 2155 Ego
1461 2112 1569 2139 euin

167 2187 403 2217 summum
428 2171 718 2217 sacerdotem
745 2170 1032 2227 nesciebam3
1065 2171 1286 2233 scriptum
1316 2181 1383 2216 est
1408 2172 1534 2216 enim
1557 2189 1565 2215 :

167 2248 365 2311 principi
389 2249 551 2312 populi
576 2248 642 2292 tui
668 2264 765 2292 11011
799 2247 1065 2292 maledices,
1096 2266 1117 2290 »
1149 2248 1362 2308 (Actuum
1386 2249 1564 2292 xxllli.

167 2325 330 2370 Merito
354 2326 480 2370 enim
501 2341 627 2382 eum,
655 2325 752 2386 qui,
780 2323 945 2370 sedens
973 2324 1233 2369 secundum
1265 2325 1413 2386 legem
1444 2325 1570 2387 judi-

223 2463 259 2496 1.
290 2463 346 2497 En
370 2474 498 2512 marge
513 2492 522 2509 ‚
552 2461 599 2498 de
623 2463 658 2497 la
686 2460 788 2497 niain
814 2460 862 2497 de
883 2460 1043 2496 l'auteur
1067 2473 1075 2495 :
1104 2477 1118 2493 ιι
1146 2462 1227 2496 Hoc
1245 2459 1298 2496 ita
1319 2459 1478 2510 intelligi
1499 2459 1566 2495 sle-

172 2540 190 2557 α
215 2523 304 2560 bere
332 2523 421 2560 dicit
447 2533 595 2561 sanctus
623 2523 783 2560 Thomas
811 2525 973 2560 Sununae
1004 2526 1060 2568 II,
1098 2531 1230 2573 qucest.
1256 2526 1328 2567 96,
1361 2531 1431 2559 art.
1458 2524 1502 2571 4,
1530 2522 1568 2557 in

173 2603 190 2620 α
216 2586 401 2623 solutione
421 2585 581 2623 duorum
602 2586 811 2635 primorum
837 2593 1148 2636 argumentorum
1165 2616 1174 2632 ,
1199 2593 1235 2622 et
1262 2584 1373 2621 etiam
1399 2583 1437 2619 in
1463 2582 1568 2620 solu-

175 2666 190 2682 «
213 2648 314 2686 tione
333 2647 382 2686 ad
400 2648 550 2686 tertium
570 2648 783 2686 articulum.
809 2664 826 2681 n
