1875 2956
209 232 284 266 260
773 227 1021 264 APOLOGIA
1040 255 1047 268 ,

274 318 414 374 Quod
447 316 656 379 profecto
691 330 787 360 non
824 314 1022 358 dicimus
1058 312 1187 374 quod
1211 329 1297 359 nos
1320 313 1475 359 bonos
1515 329 1613 358 esse

209 395 278 440 vel
303 395 484 439 virtutis
508 391 682 454 aliquid
714 392 762 437 in
798 389 936 436 nobis
963 389 1178 436 exsistere
1206 400 1475 450 arroganter
1498 406 1615 436 asse-

209 488 308 516 rere
336 470 649 516 intendamus.
678 467 804 513 Absit
828 467 921 512 hoc
951 483 978 512 a
1015 465 1153 510 nobis
1190 474 1236 510 et
1263 464 1323 510 ab
1355 465 1615 512 humilitate

207 548 483 604 christiana,
509 562 618 591 cum
643 546 784 590 etiam
809 542 997 588 cuidam
1018 541 1307 587 Salvatorem
1324 551 1536 588 nostrum
1552 543 1618 587 in-

208 624 462 684 terroganti
499 632 544 668 et
581 622 766 667 bonum
798 619 1037 677 asserenti,
1072 617 1131 664 ab
1172 617 1342 663 eodem
1383 617 1617 663 Salvatore

209 716 486 763 responsum
507 700 776 745 noverimus
800 716 807 742 :
831 718 851 739 «
875 696 999 754 Quid
1015 713 1089 742 me
1107 696 1365 757 interrogas
1378 694 1435 740 de
1453 694 1614 741 bono?

213 781 341 821 [nus
360 786 426 821 est
451 775 609 821 bonus
632 779 774 821 Dens.
808 796 828 817 >³
853 774 940 820 Sed
979 774 1372 837 qualemcumque
1397 770 1455 816 de
1485 771 1620 818 nobis

212 852 448 910 habuerit,
497 868 579 897 seu
623 851 682 897 de
721 853 915 909 ⁸virtute,
965 867 1046 896 seu
1086 850 1143 896 de
1188 847 1620 911 quantulacumque

209 929 401 974 scientia
419 928 492 973 vel
515 928 819 989 intelligentia
844 928 1199 973 aestimationem
1220 925 1295 970 vel
1315 924 1618 988 opinionem,

212 1006 441 1050 referente
469 1004 569 1049 viro
594 1004 775 1066 optimo
804 1013 849 1049 et
873 1003 1163 1061 fidelissimo,
1205 1001 1356 1063 dignae
1388 1001 1622 1046 memoriae

209 1082 404 1127 domino
429 1080 644 1126 Johanne
666 1080 894 1138 Insanfis',
917 1080 1074 1141 legum
1095 1078 1290 1124 doctore
1310 1078 1496 1139 egregio
1520 1078 1621 1139 (qui

210 1160 291 1204 snit
318 1158 627 1204 cancellarius
649 1157 697 1202 in
722 1156 856 1202 terris
879 1156 1012 1202 ducis
1040 1154 1303 1210 Alenconii,
1328 1163 1375 1199 et
1404 1163 1504 1199 tum
1527 1164 1625 1199 erat

211 1238 427 1299 magister
455 1237 597 1281 etiam
619 1244 941 1297 requestarum
966 1234 1130 1295 regalis
1152 1232 1316 1294 aulae),
1344 1232 1622 1294 agnovimus

214 1314 343 1374 qnod
376 1313 485 1358 talia
509 1329 612 1375 qnae
645 1312 847 1357 diximus
869 1310 1012 1357 verba
1048 1310 1108 1356 de
1143 1308 1284 1356 nobis
1313 1325 1369 1354 ex
1402 1325 1484 1354 ore
1510 1308 1627 1369 regis

212 1390 482 1435 andix‘isset.
505 1392 567 1434 Ex
587 1406 683 1452 quo
698 1397 821 1434 certe
838 1388 936 1450 ejus
949 1387 1135 1433 animus
1159 1386 1220 1433 ad
1244 1402 1330 1432 1105
1350 1385 1627 1447 indignatio-

217 1483 324 1511 nem
352 1481 536 1527 semper
558 1465 698 1510 nobis
721 1465 850 1509 visus
874 1473 942 1508 est
971 1464 1172 1509 tenuisse
1197 1479 1251 1508 ac
1273 1477 1499 1518 servasse3
1527 1477 1629 1506 nos-

217 1561 325 1605 que,
349 1553 577 1605 tanquam
603 1542 698 1586 suis
720 1540 913 1586 minime
938 1538 1267 1585 affectionibus
1293 1548 1624 1596 assentantem,

218 1621 419 1665 invisum
444 1630 582 1681 atque
608 1626 876 1681 suspectum
903 1615 1137 1661 habuisse.
1172 1618 1326 1672 Quam
1345 1614 1627 1676 indignatio-

220 1712 329 1741 nem
346 1696 382 1740 si
398 1712 484 1758 pro
502 1695 580 1739 tali
598 1692 881 1738 incurrimus
904 1707 1059 1748 causa,
1078 1701 1123 1737 et
1143 1691 1515 1754 persecutionem
1531 1707 1629 1736 sus-

223 1775 450 1831 tinemus,
475 1773 685 1832 ingentes
707 1768 818 1814 inde
838 1768 1007 1829 gratias
1026 1768 1193 1813 divinae
1207 1766 1435 1813 debemus
1449 1766 1625 1829 pietati.

719 1916 1055 1959 CAPITULUM
1091 1916 1146 1958 V.

281 2057 393 2090 Aliam
420 2054 519 2100 regiae
543 2053 794 2099 indignationis
817 2054 998 2086 continens
1024 2065 1162 2087 causam
1187 2065 1229 2086 ex
1255 2052 1433 2086 dedjtione
1453 2060 1576 2084 110erae

850 2111 1009 2144 cixitatis.

295 2236 385 2281 Sed
415 2253 523 2282 eum
554 2237 720 2281 eadem
744 2234 805 2280 ad
831 2232 1167 2296 persecutionis
1188 2229 1491 2276 acerbitatem
1513 2243 1634 2272 non-

233 2314 379 2360 dum'
415 2314 714 2376 processiset,
751 2329 808 2357 ex
840 2310 913 2355 his
947 2318 1070 2354 certe
1103 2323 1206 2368 quae
1231 2306 1478 2352 subsecuta
1501 2314 1631 2360 sunt,

232 2409 341 2437 cum
378 2407 601 2452 germano
633 2406 719 2435 5110
756 2388 843 2451 piae
878 2385 1216 2432 recordationis
1254 2383 1475 2428 ducatum
1522 2385 1636 2427 Nor-

287 2524 323 2558 1.
356 2524 448 2557 Jean
479 2520 633 2556 Lcnl'ant
655 2548 664 2564 ,
686 2518 772 2568 qni,
797 2523 911 2553 arant
929 2515 975 2552 de
996 2514 1149 2564 semplir
1176 2515 1229 2550 les
1258 2512 1443 2550 fonctions,
1469 2511 1561 2547 dont
1589 2524 1636 2547 va

234 2585 357 2633 parler
384 2585 565 2627 Patimur,
595 2581 695 2617 avait
728 2580 785 2616 eti·
816 2578 1007 2629 president
1036 2577 1086 2617 du
1115 2576 1257 2614 conseil
1295 2573 1635 2612 d’adsninistration

233 2645 384 2682 institue
404 2647 424 2681 a
443 2647 574 2681 Ronen
599 2656 666 2693 par
684 2643 737 2679 les·
756 2641 924 2691 Anglais.

286 2708 324 2745 τὶ.
357 2707 502 2742 Nedum
529 2704 622 2741 dans
642 2703 678 2740 le
698 2717 768 2743 ms,
