1875 2956
678 205 821 241 LIBER
849 203 1030 241 SEXTUS
1038 229 1046 238 .
1343 239 1346 241 ,
1504 206 1550 242 49

161 307 265 335 rum
288 306 396 335 cum
420 305 476 335 eo
497 299 786 352 treugarum,
818 296 1148 353 occupaverat,
1181 304 1266 332 suo
1297 287 1406 334 duci
1437 291 1553 351 ejus-

160 382 251 428 que
274 366 462 427 conjugi
494 382 656 413 ornnes
691 368 965 413 restitueret.
1007 362 1147 420 Quod
1179 372 1302 409 certe
1332 380 1447 410 num
1475 382 1553 411 rex

160 442 363 488 facturus
396 443 535 502 foret,
561 445 740 489 cunctis
777 443 919 489 ferme
943 439 1215 488 incredibile
1239 451 1378 503 atque
1401 441 1554 505 inopi-

161 517 316 564 nabile
338 519 603 566 videbatur.

224 597 359 643 Unde
391 599 436 643 in
473 599 598 645 dicto
633 607 892 656 conventu,
927 614 1036 643 cum
1073 597 1131 643 de
1175 596 1355 655 multis,
1389 606 1557 643 statum

158 682 387 719 terrarum
412 675 542 720 ducis
565 672 978 732 concernentibus,
1005 673 1313 719 deliberatum
1342 673 1449 718 satis
1478 673 1559 718 diu

160 747 279 793 inter
303 752 455 796 Status
474 749 745 811 hujusmodi
773 759 1003 795 terrarum
1026 759 1071 794 et
1098 749 1354 812 patriarum
1378 749 1556 808 fuisset,

160 825 217 871 de
240 826 558 888 providendo,
582 836 676 872 tam
698 825 756 871 de
783 827 946 872 militia
972 826 1230 871 necessaria
1252 825 1312 871 ad
1337 824 1562 871 obsisten-

160 897 274 943 dum
302 899 477 944 viribus
516 900 650 960 regis,
690 915 833 961 quam
864 899 922 944 de
958 899 1142 945 tributis
1181 899 1480 962 imponendis
1519 910 1562 944 et

159 972 430 1033 colligendis
453 972 511 1019 ad
537 973 768 1036 stipendia
801 974 973 1019 militiae
1010 973 1224 1020 facienda
1255 983 1561 1036 sumptusque

160 1047 465 1105 necessarios,
506 1056 549 1092 et
587 1047 645 1092 de
680 1047 907 1107 ducibus,
941 1057 1079 1109 atque
1115 1047 1279 1093 ordine
1327 1057 1372 1093 et
1411 1047 1562 1092 forma

160 1118 205 1163 in
229 1118 354 1164 bello
384 1119 616 1165 habendis
641 1131 686 1166 et
717 1120 953 1180 tenendis,
986 1122 1227 1166 conclusio
1252 1131 1444 1184 accepta
1466 1131 1558 1179 est,

160 1204 384 1256 tanquam
419 1205 597 1241 certum
629 1207 673 1241 et
706 1195 1024 1241 indubitatum
1049 1196 1275 1242 ducerent
1307 1197 1368 1243 ad
1398 1196 1560 1242 recidi·

160 1290 270 1317 vum
292 1272 474 1318 bellum
502 1274 600 1319 fore
624 1274 989 1320 deveniendum.

223 1350 326 1394 Fuit
355 1360 510 1395 autem
546 1367 624 1395 rex
648 1367 731 1412 per
762 1351 944 1411 aliquos
974 1365 1156 1394 menses
1179 1349 1428 1409 hiemales,
1456 1360 1562 1396 ante

159 1436 203 1471 et
245 1427 367 1472 circa
408 1427 520 1472 festa
561 1427 809 1472 dominicae
848 1426 1213 1485 Incarnationis,
1259 1427 1305 1471 in
1349 1427 1559 1489 quodam

158 1511 307 1547 castro
343 1503 461 1548 ultra
491 1502 664 1548 flumen
707 1503 902 1564 Ligeris,
941 1503 1066 1548 circa
1101 1505 1432 1565 Caynonem¹3
1479 1502 1558 1548 ubi

158 1595 292 1636 cum,
342 1578 672 1624 venationibus
708 1589 752 1624 et
794 1577 1117 1641 voluptatibus
1149 1580 1242 1624 suis
1286 1590 1335 1625 ut
1375 1591 1557 1626 vacaret

156 1653 372 1714 liberius,
402 1655 489 1700 nisi
508 1655 754 1718 perpaucis
780 1655 840 1700 ad
860 1671 907 1700 se
933 1654 1115 1700 aditum
1142 1654 1306 1701 haberi
1330 1673 1426 1701 non
1452 1673 1557 1719 per-

157 1731 382 1789 mitteret,
412 1742 479 1791 et,
515 1731 748 1795 dispositis
781 1747 976 1776 suorum
1008 1730 1256 1777 satellitum
1293 1749 1376 1795 per
1410 1734 1558 1795 spatia

157 1806 452 1866 custodibus,
478 1808 596 1866 vias,
624 1824 705 1870 per
725 1824 840 1870 quas
866 1808 1060 1870 propior
1081 1807 1142 1854 ad
1168 1824 1214 1853 se
1238 1824 1448 1855 accessus
1471 1809 1555 1856 ha-

157 1883 254 1929 beri
275 1885 522 1947 potuisset,
546 1884 715 1930 faceret
734 1884 957 1930 custodiri
978 1903 988 1929 z
1010 1901 1065 1929 ex
1083 1901 1138 1930 ca
1160 1901 1208 1930 re
1230 1902 1391 1931 rumor
1409 1887 1553 1932 maxi-

96 1990 100 1995 ‹
157 1978 260 2006 mus
283 1960 514 2006 increbuit
537 1978 619 2023 per
643 1978 806 2007 omnes
834 1971 975 2006 terras
1001 1961 1154 2020 ducis,
1184 1962 1314 2023 quod
1345 1963 1442 2026 ipse
1474 1980 1550 2008 rex

158 2040 202 2083 in
225 2038 364 2084 talem
393 2040 602 2102 corporis
622 2039 692 2084 sui
716 2038 1083 2084 invaletudinem
1115 2040 1396 2098 incurrerat,
1423 2041 1553 2102 quod

156 2119 423 2178 nunquam²
449 2134 534 2162 nec
572 2133 717 2178 equo,
751 2133 837 2162 nec
870 2133 1011 2161 curru
1041 2117 1213 2162 vectari
1250 2128 1429 2181 posset,
1465 2136 1551 2165 nec

156 2190 262 2235 inde
286 2192 380 2237 ulla
401 2190 694 2236 medicorum
727 2207 817 2253 ope
843 2200 923 2236 aut
950 2189 1177 2236 industria
1204 2192 1545 2240 convalescere.

157 2267 247 2322 Qui
280 2284 441 2313 rumor
476 2268 651 2313 nedum
685 2278 829 2313 terras
861 2267 1017 2326 ducis,
1046 2267 1127 2312 sed
1156 2268 1379 2331 plurimas
1408 2271 1547 2318 etiam

157 2344 283 2404 regni
312 2345 575 2406 provincias
598 2345 737 2406 vulgo
758 2344 1056 2407 adimplevit3
1086 2345 1148 2390 ita
1173 2355 1221 2390 ut
1247 2347 1386 2392 etiam
1414 2364 1544 2407 eum,

212 2505 247 2538 1.
278 2504 419 2553 Legere
439 2504 706 2542 inexactitude.
729 2508 781 2542 Le
799 2504 854 2541 roi
875 2503 963 2540 ctait
986 2506 1006 2540 ἐι
1027 2504 1196 2541 Thouars
1226 2507 1247 2541 a
1271 2506 1305 2542 la
1330 2506 1380 2542 fin
1410 2506 1456 2541 de
1480 2506 1550 2542 de·-

159 2562 308 2599 cembre
329 2567 450 2611 14783
473 2567 564 2602 mais
584 2567 607 2603 il
629 2580 737 2617 passa
758 2580 831 2603 une
850 2566 969 2616 partie
989 2565 1035 2601 de
1054 2566 1106 2601 fex
1121 2567 1192 2603 sier
1211 2567 1310 2603 etde
1329 2579 1426 2603 mars
1448 2569 1548 2605 1479

159 2636 233 2660 aux
251 2626 403 2674 Forges,
424 2628 509 2676 pres
529 2628 575 2663 de
593 2628 753 2665 Chinon.

213 2688 249 2723 2.
283 2686 403 2723 Plutot
422 2702 612 2736 nusquam.

290 2763 333 2785 111
1322 2757 1342 2789 Δι
