1875 2956
247 232 268 265 l*
607 226 943 263 HISTORIARUM
972 227 1203 262 LUDOV1C1
1231 228 1283 261 xl

248 317 445 380 pedibus
485 317 644 375 soluti,
669 315 838 377 quibus
870 330 917 359 56
943 314 1056 376 jugo
1087 315 1361 376 captivitatis
1400 314 1644 378 depressos

248 393 383 438 fuisse
417 392 789 448 arbitrabantur,
820 391 864 435 in
891 407 992 449 eos,
1018 390 1097 453 qui
1122 391 1191 435 vel
1226 402 1435 437 auctores
1455 392 1524 437 vel
1561 392 1643 436 mi-

248 470 376 514 nistri
424 486 504 514 scu
553 477 883 530 cooperatores
933 465 1140 528 ejusdem
1187 467 1459 529 captivitatis
1508 467 1644 513 fuisse

247 545 511 591 dicerentur
528 584 538 600 ,
564 543 765 589 mirabili
784 543 894 587 odio
917 542 1288 588 inardescebant.
1319 545 1373 587 Et
1389 544 1498 605 quia
1513 560 1646 607 supe-

251 623 419 667 riorem
458 631 567 665 tunc
603 620 783 665 nullum
819 619 1084 678 habebant,
1129 619 1208 681 qui
1247 618 1371 680 vulgi
1395 620 1457 664 ita
1475 621 1644 682 passim

247 699 472 743 swxiemis
507 706 662 760 posset
694 696 940 742 audaciam
981 712 1224 753 coercere,
1258 695 1417 741 omnia
1454 696 1645 758 impune

246 790 380 835 posse
405 789 491 836 pro
511 772 645 818 libito
657 789 792 833 agere
816 789 863 817 se
886 771 1138 835 putabant3
1166 788 1251 816 nec
1275 771 1395 816 ullus
1423 788 1504 817 eos
1524 772 1644 834 opti-

245 860 424 895 matum
457 860 596 912 atque
640 849 871 895 nobilium
910 858 1086 907 metus,
1119 858 1198 894 aut
1219 849 1357 894 etiam
1382 848 1523 911 ipsius
1555 864 1646 893 suae

244 929 548 991 principissae,
580 928 786 991 innuptae
814 927 999 990 puellae,
1042 926 1101 972 ab
1143 925 1415 987 hujusmodi
1457 924 1647 970 ausibus

243 1005 497 1051 cohibebat
522 1023 530 1050 :
559 1006 672 1067 quin
706 1005 861 1067 potius
901 1004 947 1048 in
979 1019 1082 1061 605,
1112 1013 1336 1064 tanquam
1359 1002 1519 1065 priscae
1555 1018 1646 1046 suae

241 1083 516 1128 calamitatis
553 1092 597 1126 et
627 1082 857 1126 servitutis
898 1091 1109 1126 auctores
1145 1080 1217 1124 vel
1242 1079 1471 1139 fautores,
1498 1079 1647 1124 insur-

241 1178 346 1224 gere
370 1178 465 1206 non
492 1159 744 1216 timebant3
773 1159 846 1204 vel
870 1174 978 1216 eos,
1017 1167 1243 1219 tanquam
1281 1156 1491 1219 partibus
1528 1156 1647 1217 regis

244 1242 528 1284 Francorum
556 1235 953 1295 faverent,·veluti
977 1243 1215 1297 suspectos
1238 1234 1539 1279 vehementer
1562 1232 1646 1278 ha·

241 1314 433 1360 bebant.
480 1313 603 1358 Adeo
652 1312 865 1376 profecto
908 1311 1033 1374 apud
1067 1326 1148 1356 eos
1188 1310 1245 1355 de
1288 1326 1370 1355 sua
1407 1308 1647 1355 nobilitate

244 1392 438 1437 invaluit
468 1390 645 1452 ubique
683 1389 867 1435 sinistra
892 1387 1125 1450 suspicio,
1168 1397 1218 1431 ut
1258 1387 1315 1432 de
1356 1387 1485 1432 nullo
1517 1403 1646 1448 paene

243 1483 492 1531 procerum
517 1482 597 1511 seu
619 1464 851 1510 nobilium
873 1474 1103 1509 terrarum
1123 1463 1307 1508 illarum
1324 1462 1617 1508 confiderent
1633 1498 1643 1513 ,

243 1545 323 1590 sed
363 1560 527 1589 omnes
556 1543 697 1604 vulgo
731 1542 885 1587 dicere
926 1551 970 1586 et
1002 1540 1212 1602 jactitare
1245 1556 1342 1584 non
1377 1548 1649 1585 vererentur

244 1638 325 1667 eos
340 1637 437 1666 esse
456 1620 613 1684 patriae
630 1619 895 1683 proditores
909 1656 920 1677 ,
950 1627 990 1663 et
1010 1618 1106 1679 jam
1131 1618 1179 1662 in
1201 1627 1353 1680 partes
1372 1618 1489 1678 regis
1504 1620 1648 1661 Fran-

244 1715 409 1744 corum
435 1697 673 1743 defecisse.

735 1916 1069 1959 CAPlTULUM
1106 1916 1160 1957 ΙΙ.

248 2050 403 2093 Qualiter
425 2061 483 2081 rex
503 2048 614 2081 statim
634 2048 818 2092 occupavit
843 2056 949 2080 terras
964 2046 1130 2092 plurimas
1152 2044 1337 2086 Picardiae;
1359 2053 1389 2077 et
1412 2043 1455 2077 de
1479 2043 1648 2089 legatione

689 2103 733 2136 ad
753 2116 832 2136 eum
854 2103 953 2136 missa
973 2115 1014 2136 ex
1030 2101 1213 2136 Gandavo.

314 2242 476 2288 Audita
510 2252 665 2295 autem
699 2241 872 2304 przcl'ati
918 2241 1048 2285 ducis
1070 2239 1388 2296 exstinctione,
1437 2254 1530 2281 non
1567 2237 1646 2282 diu

248 2321 371 2366 idem
396 2322 681 2363 Francorum
726 2334 820 2375 rex,
865 2334 1004 2378 quem
1040 2326 1231 2379 perante
1276 2315 1335 2360 ad
1376 2314 1646 2359 defunctum

249 2397 459 2443 animum
479 2395 709 2455 gessisset,
747 2394 1037 2439 dissimulare
1059 2393 1235 2456 potuit,
1268 2391 1347 2437 sed
1370 2391 1524 2454 palam
1545 2408 1647 2435 om-

252 2472 387 2518 nibus
412 2472 531 2517 fecit.
561 2471 722 2515 Statim
746 2471 872 2514 enim
893 2486 1002 2514 cum
1028 2470 1206 2530 magnis
1225 2469 1434 2531 equitum
1456 2477 1499 2512 et
1519 2466 1648 2529 pedi-

250 2560 349 2594 tum
382 2549 528 2611 copiis
551 2548 596 2592 in
625 2546 884 2592 Picardiam
914 2547 1062 2604 venit,
1101 2545 1181 2590 ubi
1212 2547 1258 2590 in
1291 2545 1451 2607 paucis
1482 2542 1648 2589 diebus

249 2627 404 2689 plures
423 2643 476 2671 ex
501 2624 737 2670 nobilibus
758 2624 940 2669 illarum
967 2633 1211 2681 terrarum,
1238 2623 1376 2667 etiam
1396 2622 1453 2666 de
1472 2622 1544 2667 his
1567 2622 1647 2684 qui

248 2703 332 2748 sul)
355 2703 523 2748 Carolo
548 2702 666 2747 (luce
680 2700 855 2746 tribuni
879 2701 1076 2745 militum
1118 2710 1256 2761 atque
1284 2699 1568 2762 oppidorum
1603 2707 1647 2742 et
