1875 2956
225 217 301 253 586
585 215 924 253 HISTORIABUM
951 215 1185 252 LUDOV'ICI
1212 218 1267 252 XI

226 306 335 351 tutis
358 307 405 351 in
431 321 487 351 eo
519 306 656 350 fuisse
680 303 952 367 reperimus.
982 304 1061 347 Est
1080 302 1206 347 enim
1226 302 1446 350 fortitudo
1475 306 1626 351 excel-

224 384 325 429 lens
349 384 494 430 animi
528 380 802 443 magnitudo
837 379 898 426 ad
934 378 1182 424 obeundos
1218 379 1401 427 labores
1430 391 1475 428 et
1505 384 1629 446 peri-

227 461 354 520 cula,
399 460 457 506 ad
497 458 861 523 propulsandas,
906 473 1003 502 non
1045 456 1106 502 ad
1139 455 1404 503 inserendas
1440 459 1629 520 injurias

226 554 314 600 pro
338 539 482 583 salute
514 536 773 583 communi.
813 537 876 580 Ea
904 535 1030 580 enim
1057 534 1202 580 animi
1227 534 1382 593 elatio,
1409 551 1510 597 quae
1532 554 1630 583 cer-

229 614 353 659 nitur
376 615 421 659 in
450 614 666 678 periculis
686 623 730 658 et
752 611 1008 671 laboribus,
1034 612 1071 656 si
1087 611 1262 673 justitia
1283 620 1416 657 vacat
1436 623 1630 674 pugnat-

228 705 318 751 que
346 707 442 735 non
467 707 553 753 pro
579 691 724 736 salute
748 689 1007 747 communi,
1028 688 1108 733 sed
1126 704 1212 751 pro
1234 687 1327 732 suis
1349 689 1627 746 commodis,

228 767 273 810 in
304 767 413 811 vitio
437 777 528 824 est,
562 777 612 812 ut
637 767 789 828 inquit
812 768 974 812 Cicero
996 766 1215 829 przeclare
1243 765 1289 810 in
1319 765 1412 810 suis
1437 764 1627 812 Officiis.

230 844 348 888 Hinc
377 854 443 889 est
476 853 521 889 et
549 845 664 890 illud
698 844 973 907 praeclarum
1009 843 1246 888 Platonis:
1283 861 1306 885 «
1333 842 1461 887 Sicut
1482 842 1629 903 enim,

229 921 395 983 inquit,
424 922 616 967 scientia
639 938 740 983 quae
767 931 948 967 remota
969 930 1038 966 est
1059 937 1087 966 a
1107 920 1282 982 justitia
1306 920 1531 965 calliditas
1549 936 1634 983 po-

229 998 319 1044 tius
341 1015 485 1062 quam
509 999 700 1045 scientia
723 1008 791 1044 est
821 998 1122 1062 appellanda,
1151 998 1213 1042 ita
1243 997 1427 1042 animus
1448 1005 1635 1060 paratus

229 1075 289 1121 ad
326 1076 612 1139 periculum,
649 1077 686 1121 si
721 1092 805 1121 sua
847 1075 1101 1138 cupiditate
1138 1075 1295 1138 potius
1332 1089 1476 1137 quam
1511 1091 1636 1120 com-

230 1153 362 1197 muni
390 1153 584 1198 utilitate
610 1152 880 1215 impellitur,
913 1150 1119 1197 audaciae
1146 1151 1302 1213 potius
1340 1167 1514 1197 nomen
1550 1150 1635 1197 ha—

230 1227 308 1273 bet
338 1245 480 1291 quam
516 1228 814 1275 fortitudinis.
846 1247 869 1272 n
906 1230 1066 1273 Fortes
1095 1228 1235 1289 igitur
1268 1237 1314 1273 et
1350 1227 1638 1290 magnanimi

231 1317 339 1352 sunt
371 1308 604 1367 habendi,
650 1324 748 1352 non
789 1308 869 1369 qui
901 1306 1096 1363 faciunt,
1129 1306 1211 1352 sed
1242 1306 1522 1370 propulsant
1549 1321 1637 1369 pro

232 1385 474 1429 communi
504 1385 699 1430 utilitate
730 1384 963 1446 injuriam.

298 1462 405 1505 l-laec
426 1471 582 1506 autem
604 1470 761 1505 utrum
781 1460 983 1518 homini,
1010 1459 1069 1503 de
1092 1475 1188 1520 quo
1213 1458 1352 1504 nobis
1378 1474 1531 1503 sermo
1552 1467 1636 1518 est,

234 1537 534 1595 conveniant,
565 1546 610 1581 et
628 1537 674 1581 in
700 1553 757 1581 eo
781 1535 976 1580 inveniri
1001 1535 1257 1597 potuerint,
1282 1533 1634 1595 inquirendum.

300 1614 457 1659 Primo
490 1614 682 1676 quidem
718 1614 765 1658 in
813 1628 869 1658 eo
911 1612 971 1658 ad
1005 1611 1227 1656 obeunda
1261 1611 1469 1674 pericula
1514 1611 1641 1657 nulla

236 1690 418 1735 videtur
448 1690 585 1736 fuisse
614 1691 758 1735 animi
792 1689 1085 1751 magni-tudo,
1119 1690 1181 1734 ita
1212 1689 1422 1752 profecto
1457 1698 1528 1748 ut,
1556 1705 1641 1734 nec

234 1783 343 1812 eum
377 1784 482 1813 vere
507 1767 734 1813 audacem
764 1766 924 1828 (quod
951 1766 1118 1811 vitium
1142 1776 1208 1811 est
1241 1765 1503 1811 fortitudini
1531 1782 1643 1811 con-

238 1844 450 1906 trarium)
467 1882 478 1904 7
506 1844 586 1890 sed
614 1843 832 1889 timidum
855 1843 1033 1906 potius,
1059 1842 1402 1905 pusillanimem
1432 1858 1486 1887 ac
1514 1841 1642 1904 fuga-

236 1937 339 1966 cem
362 1922 516 1967 dicere
542 1921 814 1966 debeamus.
843 1923 970 1966 Duas
1002 1936 1195 1980 magnas
1218 1920 1538 1983 expeditiones
1559 1936 1643 1982 per

238 1999 537 2061 semetipsum
555 1999 802 2044 adversum
816 1998 984 2043 ducem
1006 1998 1251 2042 Britanniae
1271 1997 1482 2042 (luctasse
1503 2014 1642 2059 supra

238 2075 519 2119 retulinms¹.
560 2079 609 2119 In
646 2076 819 2137 prima,
855 2091 965 2119 cum.
996 2084 1108 2119 tunc
1135 2083 1251 2118 esset
1287 2073 1425 2118 frater
1452 2089 1561 2117 suus
1594 2074 1640 2118 in

241 2153 493 2210 Britannia,
519 2169 822 2214 ‹:(‘›ngregassc
851 2152 910 2197 (le
939 2162 1038 2197 toto
1068 2167 1212 2212 regno
1236 2166 1320 2196 suo
1342 2150 1574 2196 serebatur
1594 2152 1638 2195 in

241 2230 563 2274 Cenomannia
591 2246 731 2292 supra
760 2230 998 2290 octoginta
1029 2228 1171 2273 millia
1195 2227 1405 2290 peditum
1441 2237 1483 2271 et
1511 2229 1642 2289 cqui-

241 2314 356 2349 tum.
391 2305 480 2349 Sed
505 2322 613 2349 cuin
642 2315 735 2351 tam
767 2305 973 2350 xalidurn
1000 2305 1223 2365 coegisset
1252 2303 1529 2361 exercitum,
1556 2320 1643 2349 nec

241 2381 447 2426 hostium
487 2397 704 2439 suorum,
746 2381 916 2443 quihus
953 2382 1162 2444 proxime
1191 2380 1429 2438 adstabat,
1462 2379 1641 2441 ingredi

241 2467 406 2516 terras,
439 2475 525 2503 nec
557 2457 813 2519 quidquam
849 2459 1086 2519 egregium
1120 2466 1345 2502 attentare
1378 2472 1515 2502 ausus
1547 2466 1639 2514 est3

241 2534 318 2579 sed
341 2551 475 2579 exesa
504 2544 549 2579 et
570 2551 759 2596 prorsus
779 2535 1014 2580 exinanita
1036 2534 1185 2596 patria
1209 2534 1284 2579 illa
1310 2533 1644 2579 Cenomanniae

299 2697 335 2731 1.
366 2696 550 2743 T.11‚p.
578 2696 652 2732 186
674 2703 709 2731 et
730 2696 820 2732 ⁶298.
