1875 2956
220 269 292 306 358
772 262 1043 305 APOLOGIA,

219 357 388 404 talibus
411 356 667 409 honorum,
706 351 987 412 dignitatum
1016 358 1095 394 aut
1129 348 1433 410 imperiorum
1461 348 1624 394 culmi-

217 435 355 482 nibus
376 432 541 495 dejecti
562 431 767 487 fuerunt,
796 428 867 473 vel
884 426 1060 472 eisdem
1078 434 1244 488 sponte
1267 425 1500 484 cedentes,
1527 442 1626 470 mo-

218 511 510 558 lestissimam
531 505 723 568 regendi
747 504 978 549 sarcinam
1002 502 1241 565 deponere
1265 501 1544 561 maluerunt,
1571 519 1623 546 ex

219 586 390 633 talibus
413 584 608 642 eventis,
632 581 762 645 quod
793 579 933 625 tantis
960 576 1185 623 oneribus
1211 585 1257 621 et
1281 576 1404 620 curis
1427 578 1626 640 exempti

221 665 398 721 forent,
424 662 576 707 felices
601 676 648 705 se
671 675 725 704 ac
749 656 914 702 beatos
944 663 1236 719 reputarunt.
1265 652 1384 698 Hinc
1409 662 1478 697 est
1500 654 1627 715 quod

219 740 414 801 legimus
439 735 694 800 aliquando
726 750 856 795 reges
878 750 932 779 ac
959 734 1264 795 imperatores
1292 728 1629 793 pontificesque

217 816 448 862 maximos
493 830 548 859 ac
585 812 899 859 sanctissimos
939 818 1107 873 sponte
1148 808 1288 854 tantis
1329 806 1631 868 dignitatibus

219 891 424 949 cessisse,
465 898 510 935 et
535 904 695 934 amore
724 888 806 932 otii
839 896 885 931 et
912 885 1193 932 suavissimae
1223 883 1633 946 contemplationis

222 967 478 1014 solitariam
512 966 656 1011 vitam
690 964 905 1025 elegisse,
944 978 1063 1024 quo,
1101 959 1419 1023 tranquilliUS,
1454 959 1636 1005 dulcius

219 1056 359 1108 atque
388 1042 589 1106 quietius
612 1041 819 1087 Domino
845 1039 1140 1096 famulantes,
1173 1037 1344 1084 arctius
1368 1046 1413 1082 et
1444 1035 1635 1082 familia-

218 1123 314 1168 rius
336 1121 378 1166 ei
410 1135 494 1183 per
517 1117 820 1181 purissimum
851 1131 1063 1161 amorem
1092 1114 1373 1160 inhaererent
1405 1121 1545 1175 atque
1577 1127 1634 1157 eo

218 1195 596 1262 quodammodO,
621 1203 852 1257 quantum
874 1192 974 1237 haec
1003 1191 1260 1237 mortalitas
1293 1189 1484 1254 patitur,
1518 1188 1637 1235 frue-

222 1285 410 1332 rentur3
435 1273 551 1319 alios
572 1288 701 1327 vero,
725 1271 805 1333 qui
832 1270 904 1315 vel
928 1269 1126 1315 fortunae
1143 1268 1216 1313 vel
1234 1278 1545 1331 tyrannorum
1563 1266 1636 1312 vel

220 1351 540 1413 ingruentium
565 1348 946 1412 persecutionum
971 1346 1194 1392 violentia
1223 1344 1283 1391 ab
1313 1344 1519 1408 imperiis
1545 1344 1638 1389 suis

224 1429 297 1475 vel
341 1427 644 1474 ecclesiarum
694 1422 1182 1471 administrationibus
1226 1431 1271 1467 et
1311 1422 1404 1467 suis
1449 1419 1639 1466 sedibus

220 1504 342 1568 pulsi
364 1504 592 1565 ejectique
628 1502 834 1560 fuerunt,
862 1501 977 1546 tales
1000 1516 1134 1546 casus
1163 1515 1261 1544 non
1286 1497 1433 1544 modo
1460 1498 1639 1543 fortiter

223 1591 267 1627 et
288 1579 634 1643 aequanimiter,
663 1595 826 1623 verum
849 1577 989 1623 etiam
1017 1576 1273 1637 gaudenter
1304 1584 1443 1635 atque
1474 1584 1638 1635 gratu—

223 1656 375 1701 lanter
412 1653 656 1717 pertulisse
691 1661 736 1697 et
772 1650 942 1696 talibus
984 1650 1161 1695 eventis
1197 1658 1337 1710 atque
1374 1647 1640 1693 infortuniis

228 1747 326 1777 sese
350 1730 491 1775 etiam
516 1738 755 1791 reputasse
781 1727 952 1772 felices.
981 1726 1115 1771 Unde
1140 1725 1396 1770 Antiochus
1421 1740 1636 1785 magnus,

227 1825 308 1854 rex
332 1806 463 1865 Asiae,
485 1821 594 1850 cum
613 1821 640 1850 a
659 1803 882 1849 Romanis
905 1803 1015 1847 Asiae
1034 1818 1179 1863 regno
1202 1801 1376 1863 ejectus
1391 1809 1437 1845 et
1455 1809 1637 1858 exutus,

226 1885 344 1931 ultra
377 1886 582 1928 Taurum
614 1890 828 1926 montem
862 1879 1021 1942 pulsus
1055 1878 1229 1937 fuisset,
1264 1878 1431 1939 legitur
1461 1878 1641 1923 senatui

228 1972 273 2008 et
308 1960 488 2024 populo
518 1974 717 2003 romano
745 1972 938 2018 magnas
964 1956 1132 2017 gratias
1158 1955 1302 2016 egisse
1334 1954 1465 2016 quod
1488 1970 1536 2000 se
1564 1955 1643 1999 ni-

228 2039 377 2084 mium
408 2037 501 2082 lata
526 2045 568 2080 et
597 2045 693 2080 tam
720 2033 916 2078 molesta
948 2032 1060 2078 Asiae
1092 2031 1426 2095 procuratione
1450 2030 1641 2076 liberas-

230 2123 349 2173 sent,
390 2129 446 2156 ex
480 2112 574 2156 hoc
603 2109 814 2173 profecto
848 2125 945 2153 non
973 2124 1166 2172 parvam
1193 2107 1280 2153 sibi
1307 2107 1545 2168 quaesitam
1573 2123 1641 2151 re-

231 2200 401 2255 putans
437 2188 719 2234 felicitatem.
749 2186 890 2243 Quod
915 2195 961 2231 et
990 2186 1067 2231 alii
1100 2184 1401 2247 quamplures
1436 2183 1644 2228 similiter

232 2266 408 2324 fecisse,
438 2265 509 2310 vel
531 2274 581 2309 ut
604 2262 860 2325 aliquando
882 2261 1071 2325 pondus
1093 2261 1328 2322 regiminis
1345 2276 1512 2305 exuere
1534 2276 1643 2322 pos-

230 2353 354 2401 sent,
393 2340 691 2404 cupidissime
723 2349 862 2400 atque
896 2338 1218 2384 ardentissime
1252 2346 1495 2400 exoptasse
1537 2336 1645 2396 legi-

231 2435 358 2475 mus;
386 2414 793 2479 quemadmodum
821 2430 1043 2475 magnum
1068 2413 1200 2457 illum
1223 2415 1476 2473 Angustum
1497 2413 1644 2456 Carsa-

232 2511 356 2552 1'em,
386 2494 592 2557 primum
630 2495 938 2551 Augustorum
970 2499 1131 2551 atquc,
1158 2488 1401 2533 communi
1430 2487 1644 2532 omnium

232 2571 590 2628 existimatione,
616 2568 947 2623 felicissimum,
976 2567 1277 2612 xehementer
1294 2564 1577 2611 desiderasse
1600 2572 1644 2608 et

235 2649 417 2712 imperii
461 2647 606 2693 fasces
645 2645 882 2708 deponere
919 2660 973 2689 ac
1003 2660 1100 2688 rem
1139 2643 1377 2706 publicam
1409 2641 1644 2687 restituere

236 2725 460 2785 cogitasse
479 2726 655 2770 Seneca
679 2721 833 2767 refert.
