1875 2956
788 203 930 240 LIBER
959 202 1156 239 SEXTUS.
1635 202 1656 235 9

266 308 406 354 quem
431 290 649 348 haberet,
680 305 892 346 necnon,
926 287 1224 350 quamplures
1253 285 1300 329 in
1330 285 1461 329 terris
1493 287 1660 347 princi-

265 368 394 431 pissae
422 366 575 429 palam
605 382 653 411 se
677 366 883 411 haesitare
912 363 1115 419 aiebant,
1144 362 1239 406 imo
1264 359 1413 418 multi,
1444 375 1529 404 nec
1553 376 1659 405 eum
1722 354 1726 360 ’

264 444 439 490 habere
466 443 762 505 jactitabant,
794 443 899 487 licet
921 441 979 486 de
1001 440 1094 485 hoc
1118 455 1216 502 per,⁴
1231 453 1427 498 regnum
1461 437 1661 481 Francia*

266 537 362 566 non
388 519 715 583 ambigeretur.
737 520 804 563 De
822 532 915 579 qua
929 517 1180 579 sponsione
1198 531 1279 560 seu
1301 513 1662 577 desponsatione

265 597 422 643 fienda
452 613 559 642 cum
584 596 723 641 iidem
747 603 954 638 oratores
981 608 1007 638 a
1028 591 1260 655 deputatis
1282 590 1630 654 provinciarum
1647 627 1658 649 ,

266 674 346 735 qui
381 671 593 718 Gandavi
620 678 967 727 convenerant,
1005 685 1052 713 se
1086 668 1201 713 nihil
1235 668 1281 712 in
1312 666 1544 713 mandatis
1577 666 1663 711 ha-

264 747 375 795 bere
419 755 671 793 assererent
692 779 702 799 ‚
751 743 920 789 insecta
966 760 1081 807 pace
1128 743 1187 789 ad
1229 759 1336 788 suos
1384 742 1662 788 Gandavum

266 824 516 870 redierunt.

330 902 475 944 Porro
496 914 603 943 cum
616 897 883 943 recedentes
897 912 923 942 a
934 912 1039 958 rege
1050 896 1286 942 licentiam
1297 895 1524 941 redeundi
1542 896 1678 940 rece?

266 986 449 1039 perunt,
462 975 674 1039 promisit
691 990 768 1020 rex
782 990 889 1019 suos
913 984 1119 1019 oratores
1132 973 1264 1019 brevi
1278 976 1524 1019 missurum
1541 975 1664 1019 Gan-

265 1052 438 1098 davum
459 1051 518 1098 ad
539 1051 751 1097 eamdem
772 1066 902 1096 suam
921 1039 1109 1096 filiolam
1132 1061 1177 1096 et
1190 1066 1287 1109 eos,
1303 1051 1381 1113 qui
1400 1051 1456 1096 de
1476 1050 1665 1095 diversis

265 1128 516 1192 provinciis
535 1129 627 1173 suis
661 1128 741 1173 illo
764 1137 1109 1186 convenerant,
1136 1144 1218 1191 per
1238 1143 1356 1188 quos
1379 1143 1543 1172 eorum
1566 1127 1664 1172 ani-

266 1223 368 1251 mos
414 1205 474 1251 ad
516 1221 596 1264 ea,
632 1221 733 1266 quae
777 1214 1000 1249 restarent
1030 1203 1244 1250 ineundae
1282 1204 1432 1266 pacis,
1464 1213 1665 1266 speraret

268 1282 527 1339 inflectere,
568 1291 804 1326 ostentans
843 1297 1025 1343 semper
1054 1281 1147 1325 suis
1180 1279 1333 1325 verbis
1367 1296 1414 1324 se
1447 1279 1507 1324 ad
1541 1295 1660 1337 eam,

266 1359 421 1422 potius
460 1374 602 1418 quam
645 1357 704 1403 ad
745 1356 921 1402 bellum
950 1356 1234 1417 gerendum,
1272 1356 1482 1401 animum
1512 1357 1665 1401 inten-

266 1434 390 1479 dere.

732 1610 1072 1654 CAPITULUM
1124 1612 1199 1653 111.

266 1751 455 1795 Quomodo
473 1760 505 1786 et
520 1764 588 1797 qua
603 1750 646 1785 de
662 1764 776 1793 causa,
796 1752 941 1785 reversis
956 1751 1086 1797 legatis,
1099 1753 1286 1785 noluerunt
1296 1752 1409 1785 Status
1423 1751 1664 1785 Flandriarum

376 1809 508 1842 collecti
527 1807 620 1854 apud
636 1808 846 1842 Gandavum
862 1807 1042 1842 intendere
1059 1808 1105 1841 ad
1127 1821 1166 1842 ea
1183 1821 1259 1853 quae
1277 1821 1337 1841 rex
1355 1808 1564 1854 postulabat.

332 1965 452 2008 Sane
474 1977 620 2023 quum
644 1962 837 2020 reversi,
865 1978 966 2023 quae
983 1961 1110 2024 apud
1131 1977 1287 2022 regem
1323 1961 1522 2022 egissent
1541 1961 1668 2006 inve-

270 2049 528 2100 nerantque
560 2038 843 2097 retulissent,
880 2039 1021 2102 eoepit
1054 2039 1253 2101 amplius
1288 2038 1412 2099 vulgi
1443 2038 1667 2083 tumultus

270 2115 499 2176 simulque
529 2115 741 2159 omnium
768 2114 907 2159 ferme
923 2152 933 2172 ,
955 2115 1035 2176 qui
1058 2115 1150 2159 illic
1177 2114 1372 2160 aderant
1393 2113 1452 2160 de
1477 2114 1668 2159 diversis

270 2191 400 2236 terris
438 2191 748 2253 principissae,
788 2191 981 2236 accendi
1021 2202 1063 2236 et
1096 2192 1402 2253 insolescere,
1431 2192 1667 2254 potissime

271 2284 378 2313 cum
412 2278 717 2329 agnoscerent
752 2267 1061 2329 audirentque
1095 2268 1309 2313 dietenus
1339 2284 1495 2330 regem
1525 2285 1668 2313 novas

271 2360 398 2390 arces
419 2354 464 2389 et
491 2343 666 2407 oppida
691 2359 946 2407 occupare,
968 2354 1011 2389 et
1037 2344 1164 2389 aliud
1188 2343 1341 2390 verbis
1358 2382 1369 2403 ,
1394 2344 1520 2390 aliud
1541 2345 1668 2389 factis

273 2420 531 2479 ostendere,
545 2420 823 2481 studereque
841 2436 922 2465 sua
942 2421 1282 2466 intermissione
1300 2421 1483 2467 nobiles
1506 2437 1559 2465 ac
1582 2420 1666 2464 mi-

272 2495 440 2551 litares,
468 2497 840 2559 quibuscumque
866 2508 1021 2560 posset
1041 2499 1126 2543 viis
1146 2509 1284 2560 atque
1307 2499 1475 2555 modis,
1498 2498 1666 2542 illicere

275 2581 318 2615 et
338 2572 383 2615 in
404 2583 556 2633 partes
580 2590 684 2618 suas
700 2574 946 2619 attrahere.
967 2575 1179 2620 irritabat
1201 2585 1356 2620 autem
1380 2573 1666 2636 permaxime

277 2649 578 2709 omniumque
597 2651 779 2694 animos
797 2649 855 2695 ab
877 2650 1084 2695 ineundo
1109 2651 1470 2713 copulandoque
1495 2649 1666 2695 foedere
