1875 2956
295 274 368 310 308
852 269 1114 316 APOLOGtA,

294 359 697 422 quemadmodum
720 357 987 414 retulimus,
1017 366 1061 401 et
1083 355 1188 401 lassi
1222 366 1267 400 et
1299 358 1551 419 plurimum
1575 360 1687 404 alte-

293 434 377 478 rati
401 433 702 478 redieramus.
743 434 837 476 Nec
866 430 961 475 ullo
986 429 1130 475 modo
1156 428 1418 476 haesitamus
1441 433 1511 478 vel
1535 432 1685 478 ambi—

292 526 435 571 guum
461 509 689 555 habemus
714 507 846 568 quin,
866 507 903 551 si
931 506 1085 552 adhuc
1111 504 1196 551 sub
1221 505 1398 552 ditione
1421 518 1465 553 et
1485 509 1533 554 in
1556 510 1687 555 terris

290 587 408 647 regis
457 586 633 631 inventi
680 583 944 640 fuissemus,
991 582 1262 644 hujusmodi
1306 584 1687 645 peregrinationis

291 679 410 707 onus
427 678 611 707 necesse
636 660 790 706 subire
817 659 1171 716 habuissemus3
1201 659 1327 703 unde
1350 661 1515 722 procul
1540 661 1685 708 dubio

290 755 532 802 nunquam
570 738 888 798 rediissemus,
923 747 1098 784 attenta
1128 737 1393 782 vehementi
1417 738 1685 786 alteratione

285 831 428 878 quam
454 815 798 860 incurreramus
831 815 896 877 (et
928 825 1028 860 tum
1060 813 1215 860 adhuc
1249 830 1302 859 ea
1341 813 1685 878 detinebamur)

284 909 340 938 ex
376 892 496 938 facta
533 891 749 954 proximo
780 901 887 937 ante
919 908 1078 936 mense
1111 900 1154 935 et
1187 890 1430 953 perfuncta
1455 890 1532 937 illa
1564 892 1685 954 lega—

284 970 428 1015 tione.
467 970 577 1015 Erat
599 969 725 1015 enim
755 984 809 1013 ea
831 984 937 1031 pars
965 968 1075 1013 anni
1094 1005 1105 1027 ,
1141 984 1324 1012 menses
1350 967 1523 1013 scilicet
1547 969 1685 1014 aestivi

278 1046 398 1107 junii
422 1055 466 1090 et
484 1045 613 1107 julii,
652 1044 700 1088 in
725 1043 896 1106 quibus
925 1044 972 1088 in
997 1044 1075 1089 illa
1097 1043 1275 1089 torrida
1298 1044 1488 1105 regione
1517 1045 1687 1092 solares

282 1131 416 1166 aestus
437 1121 594 1166 saevire
615 1119 816 1165 maxime
836 1129 881 1164 et
902 1129 1079 1165 torrere
1100 1130 1460 1165 consueverunt.

346 1198 438 1243 Sed
466 1198 558 1258 ille,
594 1207 639 1243 et
671 1213 767 1242 non
793 1196 926 1251 alius,
971 1206 1068 1241 erat
1100 1196 1242 1241 totius
1271 1196 1542 1259 hujusmodi
1563 1197 1685 1259 lega—

283 1277 424 1321 tionis
447 1275 610 1322 affictae
634 1285 679 1320 et
701 1274 972 1338 compositae
996 1273 1127 1331 finis,
1153 1273 1212 1319 ab
1234 1274 1322 1319 illis
1346 1274 1627 1338 impiissimis
1644 1285 1688 1321 et

281 1352 601 1416 perfidissimis
623 1350 899 1398 hominibus
925 1351 1148 1409 intentus,
1172 1351 1252 1413 qui
1276 1367 1373 1396 non
1397 1350 1523 1397 aliud
1548 1367 1688 1414 quam

284 1446 371 1474 nos
387 1429 623 1491 perditum
650 1429 705 1473 iri
728 1438 774 1473 et
794 1427 1038 1474 laboribus
1060 1437 1198 1489 atque
1215 1428 1438 1473 molestiis
1457 1438 1501 1473 et
1524 1429 1688 1474 inediis

284 1505 455 1551 confici
489 1504 762 1566 satagebant
799 1514 845 1549 et
881 1503 1178 1566 quzrrebant,
1213 1514 1265 1548 ut
1294 1504 1455 1563 nobis,
1494 1522 1687 1567 quoquo

282 1582 428 1628 modo
452 1582 545 1627 vita
565 1581 749 1638 functis,
769 1580 829 1626 ad
848 1580 1188 1642 assequendam
1211 1581 1453 1626 ecelesiam
1477 1591 1687 1627 nostram

282 1669 472 1722 possent
501 1658 761 1721 pervenire.
802 1660 1016 1713 Quorum
1042 1656 1271 1720 improbis
1307 1668 1350 1703 et
1379 1658 1564 1704 nefariis
1588 1676 1687 1720 sug·

283 1733 572 1797 gestionibus
609 1734 657 1778 in
693 1743 873 1778 tantum
910 1750 990 1778 rex
1031 1733 1318 1779 obaudiebat
1346 1722 1687 1795 vassensumque

283 1810 529 1874 pra‘stabat
558 1819 635 1868 ut,
662 1825 689 1854 a
714 1809 952 1854 nonnullis
985 1809 1042 1854 de
1077 1809 1382 1872 primioribus
1415 1820 1553 1871 atque
1586 1811 1689 1856 inti-

282 1887 511 1932 mioribus
535 1887 615 1949 qui
638 1886 761 1931 circa
786 1901 942 1946 regem
966 1895 1120 1944 erant,
1160 1885 1297 1932 nobis
1323 1903 1407 1949 per
1431 1885 1550 1932 fidos
1570 1903 1690 1932 nun·

283 1964 372 2009 tios
403 1963 465 2009 ob
501 1980 606 2009 eam
631 1963 780 2008 solam
814 1978 1003 2008 causam
1038 1961 1099 2007 ad
1130 1978 1217 2007 nos
1249 1979 1276 2008 a
1304 1961 1517 2008 ducentis
1546 1962 1688 2008 leucis

283 2042 447 2104 procul
472 2056 618 2103 usque
641 2039 974 2103 Perpinianum
1002 2039 1166 2084 missos
1189 2039 1320 2101 (nam
1340 2039 1430 2084 tale
1455 2049 1686 2086 secretum

282 2117 444 2163 litteris
464 2117 756 2162 committere
775 2116 1039 2161 nullatenus
1059 2116 1158 2161 ausi
1176 2115 1387 2176 fuissent)
1404 2115 1541 2160 nobis
1554 2114 1689 2160 suerit

284 2194 456 2257 pluries
490 2193 771 2250 nuntiatum,
808 2193 1079 2254 priusquam
1115 2192 1394 2254 Perpiniano
1445 2191 1687 2236 excedere-

285 2287 405 2329 muS,
421 2279 671 2332 postquam
684 2279 840 2314 tamen
861 2268 1095 2313 licentiam
1108 2268 1368 2312 revertendi
1381 2268 1427 2312 in
1444 2268 1686 2314 Franciam

280 2347 377 2409 jam
401 2361 757 2408 acceperamus,
787 2344 916 2407 quod
939 2345 986 2388 in
1013 2343 1284 2405 hujusmodi
1307 2360 1527 2389 concessa
1550 2343 1688 2390 nobis

286 2423 471 2469 licentia
490 2438 657 2485 parum
684 2421 826 2466 fidere
850 2419 1157 2477 debebamus,
1188 2419 1411 2482 quodque
1444 2420 1582 2466 nobis
1610 2437 1688 2466 ne-

285 2500 535 2546 cessarium
571 2508 694 2554 erat,
740 2498 776 2543 si
812 2497 937 2542 1111110
986 2496 1201 2541 recedere
1244 2513 1455 2558 unquam
1492 2496 1686 2544 debere-

286 2595 413 2637 mus,
444 2577 589 2622 alium
617 2576 825 2621 colorem
863 2573 987 2637 apud
1020 2590 1176 2635 regem
1201 2574 1508 2637 praetendere,
1543 2591 1685 2638 quam

284 2655 400 2699 aeris
425 2663 470 2699 et
496 2653 722 2698 coelorum
757 2650 877 2695 illius
912 2659 1041 2694 terrae
1076 2650 1483 2714 intemperantiam
1512 2660 1556 2695 et
1595 2651 1686 2696 dis-

282 2730 659 2778 convenientiam
684 2738 850 2775 nostrae
874 2726 1189 2790 complexioni
1213 2738 1259 2773 et
1280 2729 1438 2786 saluti3
1466 2745 1576 2775 nam
1600 2728 1683 2773 bu-
