1875 2956
225 241 299 277 *296
787 238 1028 274 APOLOGIA
1043 268 1052 283 ‚

232 327 304 373 his
331 328 433 389 qui,
468 328 526 372 de
561 326 736 372 eisdem
773 324 960 382 confisi,
1001 325 1059 370 ad
1095 327 1286 385 gratiam
1313 345 1442 375 suam
1485 341 1621 392 atque

233 404 547 450 obedientiam
567 403 815 457 redierant,
840 417 1001 464 poenas
1016 418 1258 464 reposcere
1276 403 1514 466 debuerat,
1538 424 1623 453 nec

229 498 255 528 a
292 498 338 527 se
375 481 666 527 condonatas
701 489 745 524 et
782 495 972 542 prorsus
1010 488 1242 542 perpetua*
1282 479 1532 543 oblivioni,
1578 495 1625 530 ut

231 558 562 622 promittebat,
591 555 856 612 habendas,
894 571 1213 617 quascumque
1242 555 1387 601 xerbo
1410 560 1482 604 vel
1505 560 1626 606 facto

230 637 277 680 in
304 653 411 681 eum
436 635 658 681 admissas
682 633 872 695 injurias
904 633 951 678 in
976 633 1204 678 ultionem
1234 632 1467 680 adducere
1490 647 1628 700 atque

229 729 462 759 revocare.

293 792 517 833 Tacemus
559 789 755 845 referre,
808 798 1059 850 antequam
1110 789 1432 850 hujuscemodi
1479 790 1632 837 civiles

231 866 523 910 emersissent
562 865 894 922 dissensiones,
933 864 1118 925 qualem
1159 865 1498 927 promissorum
1533 876 1577 911 et
1608 883 1635 913 a

231 959 277 988 se
305 942 503 987 solemni
534 951 824 987 sacramento
848 942 1011 1004 sapius
1031 941 1324 987 firmatorum
1352 941 1510 1001 fidem,
1539 959 1634 988 non

233 1019 313 1063 uni
342 1017 639 1063 subditorum
672 1018 742 1062 vel
767 1018 1131 1080 provinciarium
1161 1017 1242 1062 sed
1267 1017 1487 1063 omnibus
1518 1014 1639 1065 illius'

234 1095 511 1141 nobilissimi
543 1095 673 1157 regni
699 1093 896 1139 subditis
918 1104 963 1139 et
986 1094 1180 1140 statibus
1211 1094 1497 1154 exhibuerit,
1524 1111 1639 1157 quo-

235 1173 380 1218 modo
404 1188 569 1218 eorum
591 1172 698 1234 jura
729 1181 867 1234 atque
887 1171 1122 1217 libertates
1146 1169 1487 1217 conservaverit
1497 1189 1509 1227 3
1539 1188 1638 1233 qua*

237 1261 393 1296 tamen
431 1259 475 1295 et
507 1249 733 1294 universis
769 1259 814 1294 et
848 1249 1038 1311 singulis
1076 1259 1464 1295 conservaturum
1496 1265 1543 1293 se
1570 1264 1641 1294 so-

237 1327 377 1373 lemni
399 1327 677 1390 promiserat
699 1337 990 1372 sacramento
1010 1364 1021 1386 7
1051 1327 1324 1390 priusquam
1351 1343 1377 1372 a
1401 1342 1640 1388 quoquam

238 1404 581 1465 regnicolarum
613 1403 889 1449 obedientiae
916 1414 995 1450 aut
1025 1404 1257 1450 fidelitatis
1282 1404 1641 1467 promissionem

240 1482 445 1543 aliquam
472 1481 718 1542 recepisset
735 1483 760 1524 ¹.
790 1480 904 1525 lnde
933 1481 1059 1526 enim
1085 1481 1298 1525 omnium
1329 1480 1572 1525 turbarum
1599 1490 1643 1525 et

240 1559 445 1603 civilium
472 1557 812 1602 discordiarum
843 1559 1048 1603 manavit
1078 1559 1278 1603 occasio.

308 1635 399 1679 Sed
431 1635 489 1679 de
519 1634 592 1678 liis
615 1634 749 1679 latius
779 1634 999 1680 disserere
1028 1635 1099 1680 vel
1131 1634 1298 1680 referre
1332 1652 1425 1679 non
1460 1646 1526 1680 est
1549 1653 1644 1680 sus-

243 1712 364 1775 cepti
385 1712 433 1755 in
456 1712 806 1773 pra‘sentiarum
831 1712 1011 1774 operis:
1037 1711 1163 1757 aliud
1185 1713 1311 1756 enim
1336 1714 1532 1775 propi-ize
1552 1713 1647 1757 edi-

247 1788 385 1834 tionis
407 1804 526 1850 opus
545 1788 769 1848 exigerem
792 1804 956 1833 verum
977 1787 1070 1832 hoe
1092 1805 1178 1851 pro
1196 1798 1328 1833 tanto
1351 1788 1647 1833 referendum

244 1865 292 1909 in
325 1865 418 1909 hoc
456 1880 597 1926 opere
629 1864 1015 1920 existimax‘imus,
1055 1874 1102 1908 ut
1139 1863 1420 1924 intelligatur
1443 1880 1530 1909 nos
1550 1881 1648 1909 non

248 1941 382 2001 regia}
407 1940 630 2002 majestati
664 1940 842 2002 injuriat
869 1941 1127 2003 quidquam
1158 1940 1336 1996 secisse‚
1369 1941 1441 1985 tel
1468 1941 1515 1985 in
1545 1957 1649 1986 eam

251 2018 399 2079 (qnod
422 2017 560 2079 absit)
583 2017 811 2063 ullatenus
846 2018 1108 2080 deliquisse,
1139 2034 1218 2062 seu
1242 2034 1345 2062 eam
1362 2017 1542 2073 lzesisse,
1569 2017 1646 2061 sed

247 2095 616 2157 proscriptionis,
648 2096 819 2158 rapina·
843 2105 888 2140 et
914 2095 1188 2158 direptionis
1207 2095 1445 2140 bonorum
1468 2103 1649 2138 nostro-

250 2188 353 2216 rum
387 2172 591 2233 aliasque
623 2172 922 2234 quamplures
955 2172 1144 2233 injurias
1178 2171 1473 2232 injustissime
1511 2180 1650 2231 atque

250 2248 567 2309 indignissime
587 2250 646 2294 ab
671 2265 726 2293 eo
752 2249 1006 2311 pertulisse.

304 2396 339 2431 1.
372 2395 495 2442 Voyez
514 2393 718 2435 ci-dessus,
742 2407 779 2442 p.
803 2394 892 2428 181.
