1875 2956
720 232 862 268 LIBER
900 233 1078 268 PRIMUS
1086 260 1093 266 .
1529 235 1568 269 31
1583 236 1602 269 3

213 329 364 364 rantes
394 318 463 364 xel
495 335 548 363 ex
581 319 672 364 hoc
700 319 931 364 dictorum
970 329 1236 365 nostrorum
1274 335 1603 380 germanorum

212 393 417 458 pericula
440 396 666 454 minuere,
695 413 801 441 cum
831 413 908 441 rex
931 397 1096 441 merito
1122 406 1298 441 tantam
1318 395 1533 440 saeviendi
1557 397 1602 441 in

213 487 293 516 eos
316 472 632 530 occasionem,
675 473 818 517 nostri
843 488 980 517 causa
998 508 1007 526 ‚
1033 473 1226 535 posthac
1257 489 1352 517 non
1378 471 1599 531 haberet,

211 547 291 609 qui
315 547 361 591 in
388 557 530 606 terra,
558 564 699 609 quam
728 547 815 592 sibi
839 547 1057 593 hostilem
1082 558 1334 609 utcumque
1359 548 1431 593 vel
1457 549 1604 593 inimi-

210 639 313 668 cam
348 625 549 686 reputari
573 624 889 680 audieramus,
932 625 1124 669 minime
1150 625 1457 670 voluissemus
1489 641 1603 670 con-

210 700 382 745 sistere.
413 703 584 746 Revera
605 711 715 745 tunc
736 717 821 745 nec
841 700 1075 746 Sabaudia
1101 717 1187 745 nec
1210 701 1369 746 civitas
1389 701 1488 764 ipsa
1510 703 1603 746 Ge-

212 775 460 821 bennensis
489 776 708 821 adversus
742 793 850 821 eum
879 776 1141 822 inimicitias
1178 777 1294 822 ullas
1331 777 1402 822 x‘el
1441 777 1606 822 habuit

210 853 282 897 vel
325 852 554 911 ostendit,
599 853 704 898 licet
754 863 845 898 tres
886 853 1093 916 praedicti
1141 855 1349 915 germani
1395 855 1605 916 partibus

209 928 340 974 ducis
364 929 771 990 Burgundionum,
805 930 1208 992 quemadmodum
1234 931 1501 988 retulimus,
1528 931 1606 976 ad-

209 1005 457 1050 haesissent.
501 1008 603 1050 Dux
644 1007 768 1051 enim
807 1006 1066 1065 Sabaudiae,
1107 1007 1186 1068 qui
1232 1024 1441 1052 sororem
1488 1008 1606 1068 regis

208 1081 413 1127 habebat
432 1083 479 1126 in
503 1082 790 1144 conjugem¹,
812 1093 855 1129 et
881 1084 1011 1144 cujus
1028 1099 1298 1145 germanam
1322 1100 1511 1146 quoque
1528 1099 1605 1128 rex

209 1158 339 1203 duxit
366 1159 411 1202 in
437 1162 669 1215 uxorem‘2,
706 1159 968 1205 inimicitias
994 1160 1143 1205 nullas
1174 1160 1232 1205 ad
1268 1176 1423 1221 regem
1448 1160 1606 1205 obser-

208 1234 370 1293 vabat;
398 1236 479 1280 sed
503 1252 549 1280 se
574 1252 627 1281 ac
650 1245 795 1281 terras
819 1253 924 1282 suas
951 1236 1170 1282 omnibus
1202 1253 1501 1295 communes,
1528 1253 1608 1282 cu-

202 1312 479 1373 juscumque
499 1313 701 1374 partium
725 1323 803 1358 aut
824 1313 1069 1358 nationum
1089 1323 1261 1369 essent,
1290 1329 1344 1358 ac
1369 1313 1539 1358 liberas
1562 1323 1608 1357 et

206 1397 326 1433 tutas
378 1389 735 1451 prudentissime
781 1390 1039 1445 continuit,
1079 1390 1239 1435 alienis
1280 1389 1479 1451 querelis
1517 1390 1605 1433 mi-

207 1465 331 1509 nime
351 1480 398 1509 se
423 1465 661 1526 implicare
687 1465 891 1510 studens.

272 1542 416 1584 Porro
445 1555 553 1584 cum
587 1541 807 1585 Basileam
845 1541 1206 1603 appulissemus,
1236 1550 1287 1585 ut
1311 1557 1388 1586 rex
1418 1541 1476 1586 de
1513 1540 1605 1586 hoc
1652 1533 1663 1540 ”

205 1616 374 1660 certior
405 1615 666 1661 efficeretur
699 1626 745 1661 et
779 1616 838 1661 ad
864 1616 1108 1679 praedictos
1142 1627 1327 1663 nostros
1358 1633 1605 1678 germanos

204 1690 358 1743 minus
404 1705 549 1734 saevus
595 1689 884 1747 redderetur,
934 1691 1264 1736 testimoniales
1302 1691 1475 1736 litteras
1522 1707 1605 1753 pei·

206 1766 448 1828 proprium
488 1767 758 1811 servitorem
797 1767 857 1811 ad
896 1783 1030 1812 suam
1067 1769 1244 1813 curiam
1273 1768 1484 1813 misimus
1516 1767 1602 1812 sub

204 1842 352 1901 sigillo
377 1842 570 1886 civitatis
592 1842 818 1904 ejusdem,
849 1853 899 1888 ut
923 1843 963 1888 ei
987 1853 1219 1889 constaret
1242 1845 1504 1905 quomodo,
1532 1861 1602 1890 re-

204 1918 312 1962 licta
347 1916 602 1977 Sabaudia,
643 1919 734 1963 illic
771 1918 1139 1964 consistebamus
1182 1930 1227 1964 et
1263 1936 1348 1982 pro
1391 1931 1601 1984 tempore

204 1993 521 2049 morabamur,
549 2004 712 2040 contra
733 2011 875 2056 quani
898 1996 1133 2041 civitatem
1158 1996 1334 2041 nullam
1360 1996 1600 2043 adversam

203 2069 515 2131 suspicionem
551 2071 717 2115 merito
750 2070 924 2116 habere
957 2081 1128 2133 posset.
1165 2070 1255 2115 Sed
1288 2070 1417 2132 quod
1448 2087 1502 2117 ea
1530 2089 1600 2117 res

209 2147 361 2208 ipsum
393 2147 465 2191 vel
507 2147 566 2192 ad
600 2163 707 2203 nos,
750 2148 822 2192 vel
851 2147 910 2192 ad
943 2147 1092 2192 dictos
1128 2157 1312 2193 nostros
1354 2164 1601 2210 germanos

202 2221 528 2283 benigniorem
550 2223 775 2280 effecerit,
807 2224 1071 2269 nullatenus
1095 2225 1403 2287 percepimus.

255 2355 293 2391 1.
325 2355 448 2402 Voyez
467 2353 666 2400 ci-dessus,
689 2367 727 2404 p.
755 2357 843 2391 311.

255 2415 291 2453 2.
317 2414 504 2452 Charlotte
525 2416 570 2453 de
590 2417 737 2454 Savoie.
