1875 2956
716 251 857 286 LIBER
897 251 1091 286 PRIMUS.
1531 250 1605 283 299

281 338 481 383 Perfecta
498 354 608 383 vero
626 347 764 399 atque
782 338 995 400 expedita
1010 338 1257 399 legatione,
1281 345 1325 380 et
1349 334 1501 391 rebus,
1523 353 1607 397 pro

213 413 380 475 quibus
416 415 540 459 missi
580 431 785 470 eramus,
821 414 880 459 ad
910 415 1027 475 regis
1060 413 1282 458 mittentis
1320 411 1607 456 voluntatem

209 490 415 552 expletis,
439 491 526 534 larii
553 501 803 552 utcumque
822 499 867 534 ct
886 488 1074 545 alacres,
1099 498 1351 551 speranteS,
1374 486 1610 549 obsequiis

208 576 253 610 et
275 565 515 611 laboribus
542 566 816 629 perfunctis,
855 565 1133 610 nonnullam
1167 563 1292 627 apud
1321 580 1478 626 regem
1512 579 1611 624 gra-

209 643 320 687 tiam
344 643 646 704 conquisiisse
668 652 805 704 atque
826 641 1036 685 invenire
1056 640 1241 696 debere,
1277 640 1609 702 Perpinianum

207 718 446 775 rediimus,
474 719 580 764 licet
599 735 655 764 ex
670 718 831 764 labore
854 727 899 762 et
922 717 1188 779 fatigatione
1209 733 1262 762 ac
1279 717 1417 761 variis
1434 717 1610 761 incom-

209 795 511 839 moditatibus
550 795 654 840 lassi
700 795 957 858 plurimum
992 803 1131 856 atque
1170 793 1349 838 alterati
1386 809 1603 838 essemus.

207 873 307 916 Jam
332 888 441 917 sane
467 871 842 917 existimabamus
876 870 1057 915 nullum
1087 869 1259 916 debere
1291 869 1427 915 nobis
1459 869 1609 915 obsta-

208 949 366 993 culum
398 965 632 1011 superesse
652 948 921 1010 quominus,
946 947 1125 993 utendo
1146 964 1365 993 concessa
1389 946 1526 992 nobis
1543 964 1610 992 re-

207 1025 415 1069 vertendi
457 1024 643 1070 licentia
660 1061 671 1083 ,
715 1024 793 1069 illa
836 1024 1012 1069 torrida
1053 1033 1099 1069 et
1141 1023 1609 1086 intemperantissima

206 1101 396 1161 regione
420 1101 596 1157 relicta,
623 1101 672 1145 in
697 1100 853 1159 aliam,
880 1101 927 1145 in
953 1115 1045 1162 qua
1068 1109 1136 1144 est
1156 1110 1201 1145 et
1225 1099 1498 1145 clementius
1522 1116 1611 1144 coe-

205 1175 304 1220 lum
338 1185 383 1220 et
409 1176 640 1221 salubrior
671 1192 765 1234 aer,
797 1176 995 1237 migrare
1034 1175 1188 1220 laxato
1223 1174 1383 1219 exsilio
1419 1173 1610 1219 debere-

205 1269 324 1298 mus,
353 1254 488 1317 ⁴&tqui
518 1254 685 1298 iterum
714 1254 838 1298 illico
871 1252 1007 1297 nobis
1036 1251 1371 1314 Perpinianum
1394 1251 1604 1307 reversis,

204 1347 290 1392 pro
315 1346 391 1387 ea,
425 1347 566 1392 quam
592 1347 969 1394 speraveramus,
999 1329 1177 1388 laetitia,
1213 1328 1344 1373 omni
1379 1328 1609 1372 anxietate

204 1418 343 1470 atque
358 1409 574 1454 moestitia
590 1409 784 1471 plenum
806 1406 1133 1469 hujuscemodi
1155 1405 1216 1451 ad
1235 1421 1323 1450 nos
1342 1404 1467 1449 illico
1489 1420 1609 1448 nun-

203 1485 321 1529 tium
360 1484 565 1529 defertur
595 1484 762 1546 :quod
800 1484 995 1541 scilicet,
1032 1480 1396 1545 procurantibus
1432 1479 1610 1525 aemulis

203 1560 487 1623 quibusdam
522 1570 660 1622 atque
693 1560 894 1605 inimicis
929 1559 1115 1617 nostris,
1148 1574 1229 1602 rex
1251 1556 1471 1602 nuntium
1500 1572 1609 1601 cum

202 1635 407 1699 epistolis
438 1646 483 1680 et
523 1635 756 1681 mandatis
794 1635 1040 1698 proprium
1073 1632 1394 1696 expediverat,
1440 1631 1608 1694 quibus

203 1711 341 1757 nobis
360 1729 563 1757 recessus
582 1729 637 1758 ex
655 1713 731 1758 illa
744 1713 894 1776 patria
914 1728 1104 1775 prorsus
1118 1709 1428 1768 inhiberetur,
1447 1720 1602 1771 atque,

203 1789 239 1833 si
265 1789 373 1833 inde
395 1789 493 1850 jam
519 1790 908 1845 discessissemus,
940 1798 989 1833 ut
1016 1788 1096 1832 illo
1121 1796 1301 1831 mature
1326 1786 1603 1845 rediremus,

204 1867 334 1910 omni
357 1866 654 1911 excusatione
676 1866 861 1928 rejecta,
889 1864 1218 1911 mandabatur.

267 1944 373 1997 Quo
397 1942 556 1988 audito
577 1943 761 1999 nuntio,
787 1952 942 1988 tantus
965 1959 1051 1987 nos
1072 1957 1246 1986 moeror
1266 1941 1430 1999 tenuit,
1456 1950 1608 1985 tantus

203 2019 352 2063 luctus
381 2028 520 2080 atque
546 2035 707 2081 pavor,
738 2029 787 2063 ut
809 2018 1020 2081 profecto
1043 2034 1173 2081 ptrue
1200 2018 1336 2062 fuerit
1364 2017 1477 2079 quin
1507 2018 1605 2079 ipsa

202 2104 356 2151 nocte,
397 2111 489 2156 qua
512 2112 574 2140 ex
602 2095 726 2141 dicta
755 2095 985 2158 legatione
1020 2096 1353 2158 Perpinianum
1384 2095 1607 2158 applicui-

201 2189 304 2217 mus
340 2182 385 2217 et
419 2173 637 2217 nuntium
673 2172 999 2234 hujuscemodi
1031 2173 1316 2235 accepimus,
1343 2189 1436 2235 prae
1461 2172 1604 2218 animi

202 2248 382 2293 tristitia
405 2258 448 2292 ct
478 2264 680 2293 moerore
705 2248 1027 2307 defecerimus,
1065 2265 1173 2293 cum
1207 2248 1399 2310 Sapiens
1425 2248 1473 2292 id
1506 2247 1604 2292 fieri

201 2339 335 2385 posse
362 2335 533 2370 asserat
557 2326 686 2386 quod
710 2347 730 2368 «
753 2327 800 2370 in
824 2343 1025 2372 moerore
1045 2326 1189 2371 animi
1209 2326 1395 2389 spiritus
1415 2325 1603 2387 dejicia-

201 2408 292 2443 tur.
328 2419 348 2442 »
374 2401 660 2448 'Videbamus
686 2404 860 2466 quippe
878 2403 1000 2464 jam,
1025 2420 1121 2448 non
1144 2403 1291 2448 modo
1312 2403 1472 2448 exsilio
1495 2419 1596 2460 nos,

202 2475 281 2519 sed
304 2486 348 2521 et
368 2477 494 2522 velut
515 2489 740 2542 perpetua
763 2481 1026 2543 captivitate
1050 2480 1312 2536 damnatos,
1339 2489 1477 2541 atque
1502 2489 1602 2523 tan-

202 2566 343 2610 quam
360 2552 405 2596 in
431 2553 571 2613 globo
596 2556 753 2617 aliquo
777 2556 1070 2601 fervidissimi
1089 2557 1206 2618 ignis
1226 2557 1269 2601 in
1290 2556 1365 2601 illa
1383 2564 1602 2599 a=stuante

202 2637 246 2671 et
268 2637 387 2673 tosta
412 2630 601 2690 regione
625 2631 865 2678 devinctos
890 2643 935 2678 et
963 2633 1128 2694 ligatos
1151 2651 1160 2677 :
1192 2649 1292 2693 quae
1319 2636 1459 2694 poe'na
1481 2630 1600 2675 dici-

203 2713 275 2747 tur
293 2704 540 2765 spirituum
561 2706 893 2754 damnatorum
916 2709 1119 2754 maxima
1142 2718 1282 2769 atque
1301 2707 1542 2752 acerrima.
