1875 2956
685 182 828 216 LIBER
863 181 1110 218 SEPTIMUS.
1505 185 1576 218 159

183 276 475 322 remanente,
513 276 565 311 ut
597 283 680 330 per
714 267 836 313 dies1
868 268 927 314 de
964 266 1262 314 reformanda
1300 277 1346 311 et
1374 271 1579 314 reconci-

181 343 338 389 lianda
365 359 480 406 pace
511 344 664 390 nullus
701 361 853 391 sermo
876 346 1061 408 penitus
1079 343 1346 390 haberetur.
1380 345 1581 390 Retinuit

180 430 335 467 autem
373 422 469 483 ipse
503 422 595 467 dux
633 422 933 468 domicellum
972 423 1030 468 de
1063 422 1202 467 Clivis
1233 421 1495 484 captivum,
1535 432 1581 467 et

180 498 441 543 Gerardum
472 498 818 558 Zonclenbalch,
848 486 1298 561 bilrgimagist1”u1n²‚
1334 515 1483 544 unum
1524 517 1579 546 ex

179 574 358 620 civibus
380 577 459 637 qui
487 592 535 621 se
559 576 684 639 apud
709 592 840 633 eum,
877 585 929 620 ut
961 575 1248 638 praemissum
1276 584 1367 634 est,
1394 574 1581 623 obsides

179 652 530 697 constituerant.
566 655 770 697 Fuerunt
803 661 958 697 tamen
1002 651 1081 713 qui
1111 650 1321 696 dicerent
1357 651 1580 713 injustum

180 728 316 773 fuisse
341 745 422 773 eos
444 730 508 774 sic
531 729 753 785 retinere,
783 743 870 773 nec
893 728 1175 791 promissam
1198 728 1263 773 eis
1285 729 1579 777 securitatem

178 803 263 849 rite
289 804 425 850 fuisse
455 814 700 851 servatam.
737 803 902 862 Quod,
932 805 1011 867 qui
1044 805 1092 850 in
1122 815 1335 851 neutram
1370 815 1575 868 partem,

179 880 260 925 sed
283 881 506 942 justitiam
533 881 773 928 dumtaxat
796 880 1135 938 afficiebantur,
1166 881 1297 927 aliter
1329 898 1425 927 esse
1459 899 1579 929 asse-

178 956 359 1003 rebant.
415 961 618 1003 Fuerunt
651 958 791 1004 etiam
832 959 911 1019 qui
960 958 1170 1004 dicerent
1212 975 1295 1021 per
1335 959 1580 1022 praedictos

178 1050 223 1085 et
256 1040 504 1086 dominum
534 1040 594 1086 de
632 1042 867 1104 Montfort
896 1040 1216 1086 machinatum
1250 1041 1386 1086 fuisse
1415 1042 1579 1088 dolum

176 1123 225 1168 in
245 1124 521 1187 principem,
549 1140 706 1186 quem,
734 1124 770 1168 si
794 1123 1027 1168 civitatem
1050 1140 1157 1168 cum
1180 1123 1257 1169 illa
1277 1140 1421 1169 manu
1447 1125 1580 1170 dum-

178 1210 301 1246 taxat
336 1217 477 1263 quam
512 1209 826 1264 poposcerant
868 1200 1023 1245 fuisset
1061 1201 1314 1261 ingressus,
1355 1202 1579 1263 appositis

178 1277 358 1323 occulte
408 1278 455 1322 in
499 1277 635 1322 certis
679 1276 856 1322 aedibus
903 1276 1105 1333 insidiis,
1154 1277 1353 1322 circumi
1364 1277 1491 1322 enire
1534 1288 1579 1323 et

175 1354 403 1416 perimere
428 1371 535 1399 cum
558 1354 652 1399 suis
677 1352 987 1398 decrevissent
1015 1371 1026 1396 :
1053 1354 1133 1413 qui
1159 1353 1295 1397 dolus
1318 1368 1344 1396 a
1369 1353 1578 1414 quodam

178 1431 410 1492 transfuga
444 1447 553 1474 cum
590 1429 790 1491 principi
827 1428 985 1473 fuisset
1031 1429 1292 1486 nuntiatus⁷
1332 1428 1579 1490 praedictos

174 1505 294 1550 duos
311 1507 505 1567 jusserat
522 1505 730 1566 captivos
750 1504 973 1549 asservari
996 1504 1102 1549 etin
1124 1520 1359 1550 carcerem
1379 1505 1572 1550 recludi.

238 1582 363 1638 Quid
385 1590 542 1627 autem
560 1580 619 1626 de
636 1580 710 1626 his
728 1580 885 1643 potius
908 1597 1071 1625 verum
1095 1580 1192 1626 sore
1209 1581 1499 1627 credendum
1522 1583 1577 1628 sit

174 1657 374 1704 diffinire
397 1674 495 1703 non
518 1657 855 1721 praesumimus⁷
883 1657 1012 1719 quod
1030 1673 1127 1703 non
1151 1658 1258 1704 satis
1282 1669 1577 1722 compertum

174 1735 418 1781 habemus.
447 1738 482 1779 Α
505 1735 744 1780 nonnullis
766 1734 893 1780 enim
910 1735 990 1793 sic,
1011 1734 1070 1779 ab
1092 1735 1192 1780 aliis
1210 1735 1342 1781 aliter
1359 1753 1431 1781 res
1454 1747 1578 1798 gesta

175 1812 311 1857 fuisse
334 1811 626 1857 narrabatur.
662 1814 852 1857 Certum
887 1821 1070 1857 tantum
1103 1821 1195 1871 est,
1230 1823 1336 1875 post
1366 1813 1578 1875 hujusce-

176 1890 305 1935 modi
341 1899 612 1935 attentatam
643 1890 1035 1952 expugnationem
1065 1898 1110 1934 et
1143 1889 1472 1952 praedictorum
1496 1892 1576 1937 de-

174 1967 448 2026 tentionem,
476 1967 670 2027 longum
695 1966 752 2011 de
775 1983 889 2029 pace
910 1967 1145 2012 silentium
1168 1967 1422 2028 duravisse,
1447 1979 1491 2015 et
1516 1970 1576 2016 ad

174 2059 303 2089 arma
342 2053 387 2087 et
418 2042 604 2088 hostilia
644 2041 978 2105 adparalnenta
1012 2042 1214 2088 reditum
1246 2044 1484 2090 exstitisse.
1518 2046 1576 2090 Hi

174 2120 297 2165 enim
323 2119 402 2182 qui
424 2119 598 2164 obsessi
619 2129 767 2178 erant,
791 2120 896 2165 loca
918 2120 964 2164 in
984 2118 1154 2182 quibus
1174 2121 1295 2165 muri
1313 2120 1454 2166 diruti
1476 2121 1574 2168 fue-

175 2206 294 2255 rant,
321 2195 565 2258 aggeribus
583 2206 629 2241 et
651 2197 881 2259 repagulis
906 2196 1098 2258 aliisque
1120 2197 1466 2259 impedimentis
1488 2199 1575 2244 far-

175 2274 398 2320 ciehant³.
434 2274 526 2331 Qui
559 2290 670 2319 vero
701 2274 811 2319 foris
847 2273 1125 2335 adjacebant
1154 2291 1178 2319 e
1213 2274 1397 2321 diverso
1428 2292 1575 2321 novas

175 2360 348 2396 struere
377 2350 618 2396 machinas
650 2360 695 2395 et
726 2350 913 2396 balistas
948 2367 1128 2414 parare,
1159 2351 1328 2413 quibus
1356 2362 1506 2398 turres
1528 2362 1573 2398 et

177 2427 346 2474 moenia
369 2427 525 2472 denuo
550 2436 868 2490 quaterentur.

231 2534 243 2567 1
258 2561 266 2570 .
298 2532 428 2571 Matth.
444 2535 584 2581 aliquot
600 2534 695 2568 dies.

229 2597 267 2631 Ξ.
297 2596 356 2631 Sic
374 2594 595 2639 Matthaeus;
614 2593 979 2643 burgimagistrorum
1002 2593 1096 2632 dans
1116 2595 1151 2631 le
1169 2608 1238 2634 ms.

232 2658 268 2693 3.
299 2658 358 2692 SIc
376 2668 446 2693 ms.
470 2664 506 2692 et
522 2655 732 2693 Matthaeus.
755 2657 949 2694 Peut-etre
965 2657 1187 2696 sarciebant.
