1875 2956
301 225 376 261 274
865 226 1111 262 APOLOGIA
1126 253 1135 269 ‚

301 316 657 362 illustrissimum
670 313 949 377 principem,
973 324 1084 359 tune
1106 315 1324 359 comitem
1342 316 1399 361 de
1423 316 1694 379 Clearoloys,

303 409 411 438 cum
448 391 668 439 omnibus
691 406 783 435 suae
812 399 951 452 atque
988 400 1190 453 paternae
1225 391 1394 437 militiae
1417 393 1564 455 copiis
1592 394 1698 440 satis

302 471 501 531 graviter
549 477 831 530 occupatum
875 466 1097 513 adversus
1139 466 1383 530 praedictos
1429 469 1694 529 Eburones,

302 563 420 609 quos
444 546 542 608 ipse
574 554 739 590 contra
770 560 877 589 eum
899 544 945 588 in
970 560 1102 589 arma
1133 543 1414 600 concitarat,
1450 563 1535 591 nec
1563 563 1699 609 posse

301 640 409 669 eum
432 632 545 667 tunc
576 621 859 667 defensionis
896 621 1064 666 auxilia
1098 637 1320 682 germano
1350 637 1434 666 suo
1466 632 1694 684 praestare.

300 700 392 746 Sed
427 701 461 745 si
498 700 544 744 in
578 699 847 763 recipienda
875 699 1165 744 Normannia
1202 709 1245 743 et
1279 698 1553 761 expellendo
1591 700 1700 746 inde

300 792 525 838 germano
561 793 645 822 suo
687 776 1029 839 obtorpuisset,
1069 792 1127 820 ne
1166 775 1320 820 eidem
1360 792 1445 820 suo
1480 792 1700 836 germano

300 855 603 900 auxiliaturus
638 864 917 912 accurreret,
953 853 1248 917 compescitis
1286 851 1564 897 Eburonum
1599 869 1703 898 mo-

301 932 441 991 tibus,
463 941 541 978 aut
555 932 713 995 copias
726 947 831 977 suas
845 931 903 977 ad
919 932 1071 995 ipsum
1091 931 1440 977 defendendum
1457 930 1704 977 destinaret

298 1026 417 1073 saepe
445 1008 595 1055 dictus
623 1009 810 1054 illustris
833 1025 991 1054 comes
1014 1008 1073 1054 (le
1097 1008 1368 1070 Clearoloys,
1396 1024 1472 1053 rex
1506 1009 1602 1070 ipse
1631 1025 1704 1054 ve-

299 1086 543 1131 liementer
556 1085 831 1142 verebatur3
853 1095 896 1131 et
911 1095 1159 1149 propterea
1177 1101 1341 1130 omnes
1355 1094 1550 1130 conatus
1567 1093 1704 1147 atque

297 1163 439 1221 vires,
471 1180 586 1225 quas
614 1173 728 1208 tunc
752 1162 928 1208 habere
953 1172 1160 1226 poterat,
1192 1161 1413 1226 expendit
1444 1171 1516 1221 ut,
1553 1171 1703 1207 matu·

299 1240 394 1286 rius
414 1257 510 1303 quo
536 1251 692 1304 posset
707 1277 718 1299 ,
742 1239 935 1285 fratrem
957 1257 1094 1285 suum
1119 1240 1415 1300 Rothomago
1444 1248 1489 1284 et
1515 1245 1611 1284 tota
1633 1255 1706 1284 ex-

297 1318 489 1379 pelleret
526 1318 832 1363 Normannia.
864 1317 973 1362 Vias
999 1317 1138 1363 etiam
1162 1334 1327 1363 omnes
1356 1325 1496 1378 atque
1521 1316 1702 1372 itinera,

298 1393 470 1455 quibus
496 1395 554 1440 ad
575 1405 748 1440 terram
768 1393 899 1440 ducis
926 1394 1205 1457 Burgundiae
1222 1411 1276 1440 ex
1301 1394 1589 1439 Norniannia
1623 1409 1705 1456 pa-

304 1479 396 1514 tere
424 1472 646 1532 potuisset
686 1488 924 1530 accessus,
964 1481 1058 1515 tam
1095 1480 1255 1516 exacta
1280 1471 1519 1531 vigilantia
1551 1468 1707 1515 obser-

302 1548 398 1592 vari
428 1548 562 1607 fecit,
591 1558 641 1592 ut
676 1550 751 1593 v<ix
784 1564 839 1592 ex
869 1564 965 1593 una
997 1558 1119 1592 terra
1152 1548 1199 1592 in
1238 1548 1431 1592 alteram
1466 1547 1537 1591 vel
1574 1547 1708 1609 lepus

298 1624 494 1668 transire
508 1624 750 1687 potuisset.
770 1624 1023 1670 Firmatum
1036 1624 1245 1687 profecto
1266 1634 1363 1669 erat
1376 1625 1496 1669 inter
1512 1634 1709 1686 utraque

301 1699 514 1745 dominia
529 1717 755 1761 maguum
775 1711 819 1746 et
841 1700 1249 1763 expavescendum
1270 1700 1436 1758 chaos,
1456 1701 1517 1746 ita
1533 1710 1581 1745 ut
1594 1700 1710 1745 nulli

300 1792 356 1822 ex
380 1792 477 1821 uno
506 1777 554 1821 in
578 1777 706 1821 aliud
729 1776 905 1837 absque
929 1777 1153 1821 eminenti
1176 1778 1338 1821 mortis
1355 1778 1563 1839 periculo
1587 1787 1712 1822 tran-

303 1853 418 1898 situs
439 1862 633 1916 pateret.
651 1852 809 1910 Quod,
828 1852 950 1915 prol]
974 1851 1131 1897 dolor!
1153 1852 1309 1915 plures
1329 1869 1375 1898 se
1390 1853 1469 1898 tali
1486 1852 1711 1914 objicien-

303 1939 371 1976 tes
390 1930 618 1993 periculo,
644 1929 760 1974 tristi
779 1939 825 1975 et
843 1929 1065 1976 exitiabili
1088 1930 1346 1975 infortunio
1370 1929 1706 1993 probaverunt.

374 2008 517 2053 Cessit
538 2007 678 2069 igitur
702 2008 906 2052 fraterno
930 2007 1075 2052 f'urori
1101 2016 1240 2068 atque
1271 2007 1425 2069 impiis
1447 2007 1586 2052 armis
1606 2007 1713 2069 piis·

309 2084 452 2129 simus
467 2085 765 2130 Normanniae
787 2084 904 2144 dux,
922 2094 983 2140 et,
1007 2084 1165 2129 relicta
1187 2084 1446 2146 provincia,
1468 2082 1526 2128 ad
1541 2083 1711 2129 ducem

309 2160 519 2222 confugit
539 2162 800 2207 Britanniae.
818 2163 927 2217 Quae
941 2178 1048 2205 cum
1073 2161 1131 2206 ad
1153 2177 1239 2206 nos
1255 2170 1300 2204 et
1316 2160 1515 2220 collegas
1529 2169 1714 2206 nostros

310 2241 510 2286 infausta
538 2258 660 2287 nova
694 2242 871 2304 perlata
897 2241 1106 2299 fuissent,
1145 2240 1371 2303 pluraque
1400 2256 1501 2301 quae
1534 2256 1617 2302 per
1646 2256 1714 2285 re-

313 2333 441 2379 gem,
468 2327 573 2379 post
604 2328 648 2362 et
672 2327 837 2363 contra
867 2334 894 2363 a
916 2334 964 2362 se
990 2317 1229 2361 civitatum
1255 2326 1295 2360 et
1328 2315 1614 2379 oppidorum
1647 2332 1715 2361 re-

311 2404 556 2458 ceptorum
575 2395 761 2453 accolis,
786 2395 913 2439 nulla
936 2394 1054 2439 facta
1073 2394 1366 2456 exceptione,
1384 2393 1515 2438 datas
1540 2403 1584 2438 et
1607 2410 1714 2456 pro-

312 2474 474 2517 missas
502 2472 782 2517 abolitiones
807 2481 945 2532 atque
974 2472 1239 2517 securitates
1259 2472 1571 2534 plenissimas,
1607 2473 1714 2517 satis

313 2548 560 2594 crudeliter
581 2548 783 2593 factitata
810 2557 962 2602 crant,
994 2548 1123 2592 nullo
1150 2548 1294 2593 niodo
1316 2558 1467 2594 tutum
1485 2549 1711 2594 existima-

313 2627 465 2673 vimus
500 2626 699 2689 patriam
730 2635 842 2671 tunc
873 2626 1070 2671 revisere
1108 2636 1152 2671 et
1183 2627 1269 2672 illis
1300 2626 1502 2673 cervices
1534 2636 1714 2672 nostras

314 2702 549 2764 objectare
596 2702 836 2765 periculis,
894 2719 998 2764 quae
1044 2702 1202 2749 dietim
1255 2704 1425 2750 multos
1468 2703 1713 2750 incurrisse
