1875 2956
233 218 307 252 318
787 218 1057 262 APOLoeiA,

223 302 412 349 aliunde
440 321 580 365 quain
607 320 632 347 a
658 318 777 364 saepe
802 302 935 346 dictis
960 303 1129 348 nostris
1151 303 1350 350 inimicis
1376 306 1627 351 adinventa

222 390 266 425 et
286 380 438 426 afficta
460 389 557 425 erat
574 380 801 441 regiisque
826 378 1017 425 auribus
1042 379 1275 425 instillata.
1302 382 1526 428 Sciximus
1546 400 1629 446 per

223 474 470 519 germanos
495 466 697 513 nostr-os,
725 456 828 517 qui,
856 466 907 501 ut
930 472 1069 519 supra
1093 456 1353 514 retulimus,
1379 474 1406 503 a
1428 460 1628 522 propriis

222 534 371 595 patria
395 543 439 578 et
463 532 640 578 laribus
663 531 853 578 abducti
877 532 1234 578 asservabantur
1255 535 1474 593 Turonis,
1497 537 1627 598 quod

223 610 504 655 inveteratus
537 610 613 655 ille
646 609 881 655 malorum
911 609 1120 666 dierum,
1149 610 1279 672 impii
1316 610 1489 672 praefati
1518 612 1629 673 regii

223 685 427 730 satellitis
462 702 631 748 parens
668 686 991 749 impiissimus,
1029 686 1293 748 frequenter
1327 685 1387 731 ad
1413 688 1631 734 eumdem

224 761 372 806 filium
392 779 530 807 suum
550 763 769 826 epistolas
793 762 1027 808 scribebat
1049 780 1103 808 ex
1128 763 1435 820 Norinannia,
1462 762 1631 825 quibus

223 854 332 883 eum
361 838 649 900 coarguebat
675 839 733 885 de
768 839 974 900 ignavia,
1003 838 1215 900 neglectu
1249 848 1388 901 atque
1424 849 1627 902 torpore,

223 915 446 977 quodque
467 916 623 961 minus
646 916 843 977 vigilans
875 926 920 961 et
945 917 1150 961 intentus
1172 916 1287 961 foret
1311 916 1370 961 ad
1397 918 1632 963 concitan-

223 989 333 1034 dam
354 989 603 1036 adversum
625 1007 712 1036 nos
734 1001 873 1053 atque
898 990 1245 1036 incendendam
1276 991 1394 1052 regis
1419 991 1631 1052 indigna-

223 1066 419 1126 tionem,
454 1084 557 1130 quae
580 1068 720 1114 unica
749 1068 826 1114 via
853 1069 917 1113 eis
944 1077 1213 1131 opportuna
1245 1067 1364 1113 foret
1386 1068 1446 1113 ad
1470 1085 1632 1131 perve-

224 1143 453 1188 niendum
487 1143 547 1190 ad
589 1145 833 1190 ecclesiam
874 1153 1111 1204 nostram3
1152 1160 1295 1207 quam
1332 1154 1384 1189 ut
1421 1145 1632 1192 acerbius

224 1229 363 1282 atque
386 1220 710 1266 vehementius
733 1221 1068 1278 inflammaret,
1095 1219 1288 1266 deberet
1305 1221 1345 1266 ei
1366 1231 1633 1268 constanter

224 1313 426 1342 asserere
461 1307 507 1343 et
541 1298 807 1360 frequenter
843 1299 936 1343 suis
969 1297 1205 1343 inculcare
1243 1297 1434 1343 auribus
1472 1298 1629 1361 quod,

225 1373 456 1436 quidquid
485 1375 532 1419 in
557 1392 667 1420 eum
698 1375 848 1420 moliti
879 1375 1070 1420 fuissent
1094 1374 1269 1438 praefati
1299 1375 1449 1420 Balae
1479 1375 1635 1421 cardi-

227 1451 341 1495 nalis
380 1461 425 1495 et
462 1453 709 1515 episcopus
748 1452 1054 1498 virdunensis
1075 1488 1085 1509 ,
1130 1452 1269 1498 nobis
1310 1451 1636 1497 inventoribus

225 1537 365 1588 atque
388 1527 661 1573 auctoribus
687 1538 942 1573 emanarat.
968 1529 1126 1573 Plures
1147 1528 1271 1573 enim
1296 1528 1409 1573 tales
1431 1528 1551 1573 illius
1574 1527 1633 1573 ad

170 1600 178 1611 ‘
226 1620 363 1648 suum
389 1603 537 1648 filium
568 1604 837 1666 nequissimi
870 1604 1012 1667 patris
1047 1604 1222 1666 praefati
1256 1604 1401 1648 nostri
1427 1604 1634 1664 germani

226 1679 446 1725 viderunt
467 1690 513 1725 et
536 1681 745 1742 legerunt
766 1681 1006 1745 epistolas,
1036 1696 1151 1742 quas
1174 1679 1235 1725 ad
1259 1697 1339 1725 eos
1367 1697 1486 1725 unus
1513 1680 1634 1741 ejus-

225 1755 335 1801 dem
358 1756 489 1819 impii
518 1757 722 1802 satellitis
753 1757 948 1803 servitor
971 1757 1115 1815 clam,
1152 1757 1368 1817 quotiens
1390 1757 1631 1818 potuisset,

227 1833 540 1897 inspiciendas
565 1833 816 1880 deferebat.

290 1911 477 1956 Talibus
499 1911 769 1969 calumniis,
805 1911 975 1958 talibus
1004 1911 1124 1957 dolis
1159 1910 1415 1972 al'fictisque
1437 1926 1523 1973 pro
1546 1910 1634 1955 im-

226 1989 415 2051 piorum
446 1988 697 2034 hominum
732 1989 1063 2035 nefandissima
1094 1988 1333 2033 voluntate
1363 1986 1636 2032 criminibus

230 2066 380 2127 regius
405 2066 449 2110 in
479 2082 566 2110 nos
590 2065 719 2110 furor
742 2065 1082 2125 concitabatur,
1109 2065 1414 2126 absentesque
1437 2073 1478 2108 et
1499 2080 1635 2126 pror—

229 2158 306 2186 sus
328 2141 653 2203 hujuscemodi
683 2142 982 2187 molitionum
1005 2143 1153 2204 ignari
1185 2151 1323 2203 atque
1352 2140 1484 2185 inscii
1508 2139 1633 2185 dese-

230 2218 449 2264 rebamur
473 2219 519 2263 in
538 2229 708 2264 sontes.
735 2222 851 2264 Nam
871 2219 999 2282 quod
1022 2219 1081 2264 ad
1100 2217 1349 2264 diluendas
1369 2216 1482 2262 tales
1505 2233 1635 2261 men-

231 2295 497 2342 dosissimas
533 2296 882 2341 criminationes
920 2296 1057 2341 nobis
1091 2293 1432 2341 elaborandum
1467 2294 1523 2339 sit
1561 2294 1632 2339 vel

232 2372 389 2430 fuerit,
417 2388 497 2416 scu
532 2372 659 2434 apud
681 2372 921 2434 prwsatum
955 2372 1312 2417 illustrissimum
1339 2370 1633 2431 Burgundio-

233 2466 346 2493 num
370 2447 556 2506 ducem,
580 2464 661 2492 seu
683 2448 808 2510 apud
830 2447 966 2493 bona*
989 2448 1224 2493 mcmoriae
1248 2447 1418 2492 ducem
1446 2448 1633 2509 ‚iquita—

233 2526 318 2570 nia¹
356 2534 431 2570 aut
469 2525 611 2569 alium
655 2525 948 2587 quempiam,
994 2525 1183 2569 inin'nnc
1219 2541 1338 2586 opus
1381 2524 1516 2569 fuisse
1554 2533 1631 2569 aut

231 2603 444 2648 exsistere
463 2612 637 2647 norunt
656 2612 700 2647 ct
723 2602 981 2647 firmissime
999 2601 1196 2647 credunt
1212 2618 1375 2647 omnes
1393 2601 1478 2646 viri
1496 2600 1628 2657 boni,

233 2680 312 2740 qui
330 2679 387 2724 de
408 2678 542 2723 nobis
565 2679 883 2741 praeteritaque
905 2679 998 2725 vita
1013 2689 1152 2741 atque
1169 2679 1458 2725 institutione
1478 2688 1634 2724 nostra
