1875 2956
683 227 827 264 LIBER
866 228 1047 265 PRIMUS
1055 255 1063 263 .
1499 232 1573 267 243

181 314 262 373 sis,
299 312 586 373 Ludovicus,
616 331 693 360 rex
718 315 994 373 modernus,
1032 315 1110 376 qui
1135 330 1162 359 a
1195 314 1420 359 comitatu
1451 316 1576 362 elon-

180 401 309 453 gatus
351 392 514 454 patris,
556 392 603 437 in
639 402 734 438 tota
774 392 851 439 illa
889 393 1006 438 felici
1043 390 1339 454 expeditione
1384 407 1477 452 qua
1517 393 1576 439 ab

179 469 433 529 Anglorum
455 469 700 516 dominatu
735 480 949 533 exempta
971 470 1141 516 exstitit
1159 469 1463 528 Normannia,
1490 471 1576 515 mi-

178 545 302 589 nime
348 545 505 591 adesse
547 547 739 592 curavit.
790 549 831 590 Is
877 562 987 606 ergo
1032 561 1140 591 cum
1183 544 1232 588 in
1272 544 1398 590 dicto
1439 561 1580 606 agens

176 620 433 679 Delfinatu,
469 621 848 684 procurationem
879 637 1020 682 quam
1054 619 1268 682 gerebat,
1294 620 1517 680 libenter,
1543 622 1578 666 si

177 697 263 742 sibi
295 697 497 743 affuisset
531 698 746 755 facultas,
783 697 966 758 longius
994 697 1222 759 latiusque
1254 707 1576 760 propagasset,

176 775 452 835 excogitavit
484 774 725 837 quomodo
763 775 944 836 aliquos
974 773 1062 819 sibi
1095 774 1367 820 conciliaret
1396 775 1578 820 animos

175 852 222 896 in
250 853 560 910 Normannia,
584 851 823 914 potissime
846 867 1050 913 quorum
1079 867 1223 914 opera
1248 862 1388 912 atque
1408 853 1580 898 auxilio

174 927 235 973 ad
282 928 486 989 regimen
529 938 574 973 et
622 928 1076 975 administrationem
1124 929 1378 992 prox‘inciae
1426 939 1582 991 posset

174 1006 442 1066 pervenire3
482 1005 749 1051 existimans
779 1005 907 1068 apud
943 1022 1015 1065 se,
1042 1005 1079 1050 si
1116 1006 1371 1051 nonnullos
1409 1006 1466 1051 de
1490 1006 1582 1068 pri-

175 1081 400 1127 mioribus
436 1082 593 1145 patriae
625 1081 713 1127 sibi
748 1083 996 1128 conciliare
1022 1092 1209 1145 posset,
1246 1082 1378 1128 facile
1413 1100 1577 1129 eorum

173 1157 436 1204 interventu
478 1157 781 1204 obtenturum
817 1159 865 1203 in
899 1169 1136 1204 conventu
1180 1160 1423 1205 communi
1473 1162 1578 1205 Sta-

172 1243 303 1279 tuum
333 1235 515 1297 patriae,
541 1235 671 1297 quod
702 1235 844 1280 semel
878 1236 1130 1297 quotannis
1167 1235 1392 1281 celebrari
1431 1237 1572 1296 solet,

173 1320 221 1354 ut
244 1310 410 1372 legatio
448 1327 533 1374 pro
570 1327 627 1356 eo
661 1311 722 1357 ad
752 1327 934 1373 regem,
966 1322 1147 1374 patrem
1183 1327 1345 1369 suum,
1386 1312 1577 1356 nomine

171 1387 310 1432 totius
345 1387 595 1449 provinciae
631 1386 955 1443 destinaretur,
983 1388 1373 1449 supplicationem
1401 1387 1577 1434 factura

170 1464 263 1523 regi
298 1473 542 1524 quatenus,
583 1479 670 1526 pro
706 1463 902 1507 tuitione
940 1473 985 1507 et
1020 1463 1291 1508 defensione
1323 1465 1575 1526 provinciae

168 1549 331 1584 contra
356 1539 556 1602 impetus
590 1539 870 1600 Anglorum,
910 1540 991 1601 qui
1015 1540 1057 1585 ei
1081 1540 1279 1601 graviter
1310 1550 1420 1586 tunc
1445 1559 1574 1587 com-

168 1616 484 1675 minabantur,
512 1616 663 1679 ipsum
687 1615 936 1675 delfinum,
964 1616 1062 1678 ejus
1085 1618 1468 1680 primogenitum,
1496 1636 1574 1679 gu-

166 1692 463 1740 bernatorem
506 1692 764 1738 concedere
799 1693 936 1738 vellet
966 1711 974 1738 :
1011 1710 1067 1738 eo
1103 1694 1230 1739 enim
1254 1694 1460 1739 futurum
1496 1706 1568 1756 ut,

168 1779 295 1815 metu
330 1770 426 1831 ejus
458 1770 615 1815 hostes
652 1769 882 1827 deterriti,
936 1785 1032 1814 non
1076 1768 1206 1814 facile
1249 1770 1565 1833 provinciam,

168 1847 394 1907 quamdiu
411 1847 456 1891 in
482 1847 581 1909 ipsa
600 1846 780 1905 assoret,
798 1845 1052 1891 invadendi
1073 1862 1238 1891 ausum
1262 1858 1564 1893 assumerent.

234 1926 333 1968 Hoc
356 1923 512 1985 itaque
537 1924 775 1986 proposito
804 1932 849 1967 et
884 1922 943 1968 ad
979 1939 1088 1968 eum
1118 1922 1261 1968 finem
1297 1924 1418 1969 misit
1452 1941 1571 1970 nun-

167 1999 255 2045 tios
285 1999 343 2046 de
376 2001 522 2046 domo
547 2017 628 2046 sua
666 2001 713 2045 in
752 2001 1088 2046 Normanuiam
1129 2017 1237 2046 cum
1269 2002 1473 2064 epistolis
1508 2004 1567 2049 ad

166 2077 337 2122 multos
363 2077 420 2122 de
446 2076 708 2140 potioribus
739 2077 1012 2139 provinciae,
1040 2094 1147 2121 cum
1174 2077 1308 2122 certis
1333 2078 1472 2124 etiam
1495 2080 1566 2125 in-

167 2152 522 2212 structionibus,
549 2153 744 2198 modum
765 2151 1131 2215 exprimentibus
1167 2169 1262 2215 quo
1291 2170 1338 2199 se
1374 2155 1471 2200 voti
1496 2157 1565 2201 sui

166 2247 329 2276 eorum
379 2231 596 2294 suffragio
636 2240 904 2294 compotem
941 2247 1076 2293 posse
1110 2230 1208 2276 fieri
1252 2232 1560 2279 existimabat.

167 2309 289 2353 Inter
310 2319 498 2354 caeteros
518 2325 628 2354 vero
649 2309 772 2353 misit
796 2308 856 2354 ad
877 2324 963 2354 nos
989 2307 1243 2369 quemdam
1267 2308 1476 2355 nobilem
1500 2311 1566 2355 vi-

168 2400 287 2442 rum,
330 2385 577 2431 dominum
618 2385 676 2431 de
715 2384 930 2431 Condeto
964 2385 1012 2430 in
1054 2385 1242 2431 dioecesi
1278 2386 1560 2445 Baiocensi¹,

222 2574 257 2607 1.
290 2574 391 2609 Cettc
410 2573 611 2611 indication
635 2588 683 2611 ne
702 2576 803 2612 suffit
822 2589 888 2626 pas
909 2589 1006 2626 pour
1025 2576 1253 2613 determinet·
1272 2576 1306 2620 lc
1329 2588 1564 2625 personnage

168 2632 258 2668 dunt
290 2633 313 2669 il
345 2635 464 2685 sagit.
486 2637 515 2672 Il
536 2650 557 2685 y
576 2636 675 2673 avait
693 2637 792 2674 deux
814 2638 942 2675 Conde
965 2638 1058 2674 dans
1085 2639 1117 2675 lc
1145 2638 1294 2674 dioec—se
1318 2637 1363 2673 de
1388 2639 1562 2685 Bayeux‚

167 2694 563 2734 Condc-sur-Noircau
584 2707 616 2733 ct
638 2699 996 2737 Condc-sur-Seulc.
