1875 2956
706 219 847 255 LIBER
876 220 1072 256 SEXTUS.
1540 226 1587 260 53

192 308 412 354 obsistere
433 323 479 353 se
499 322 633 369 posse
655 308 876 352 exercitui
910 308 1036 368 regio
1060 307 1371 368 conspiceret,
1398 318 1442 353 et
1461 310 1559 371 ipsa
1573 348 1583 368 ,

190 400 287 429 non
313 393 574 447 exspectata
598 383 844 429 obsidione
859 420 870 442 ,
892 383 1025 428 certis
1052 381 1231 443 legibus
1255 393 1300 428 et
1322 385 1469 446 pactis
1492 387 1586 446 regi

190 477 236 505 se
259 461 515 523 parituram
534 460 786 523 promisit¹.
814 461 1026 520 Cumque
1049 457 1141 503 illic
1164 458 1413 505 introiisset
1437 459 1589 506 domi-

189 553 276 581 nus
311 536 369 582 de
412 536 724 594 Cleaumonffi,
758 534 934 595 legatus
977 535 1121 596 regis,
1167 535 1426 598 praecipuus
1471 537 1590 582 inter

188 612 332 658 duces
359 612 530 658 militiae
547 612 696 673 *regiae
728 611 809 673 qui
836 610 927 656 illic
960 611 1182 670 aderant,
1215 627 1325 657 cum
1348 628 1518 673 magna
1545 623 1590 659 et

190 690 380 752 copiosa
402 689 603 735 militum
626 703 798 746 manu,
827 688 1021 750 receptis
1056 688 1229 733 civium
1259 690 1558 736 sacramentis
1575 727 1586 749 ‚

187 765 358 828 quibus
381 765 650 811 fidelitatem
674 765 767 826 regi
802 781 849 810 se
877 775 1140 811 servaturos
1168 764 1436 826 firmarunt,
1461 767 1589 812 nullo

188 844 303 889 inibi
334 845 494 890 relicto
530 844 729 889 militum
763 843 1006 906 praesidio,
1044 844 1289 904 abscessit,
1327 846 1586 893 custodiam

185 922 382 968 civitatis
413 920 522 967 fidei
553 921 724 967 civium
753 921 1072 981 committens,
1097 922 1274 968 eisdem
1296 924 1585 970 comminato

185 1013 341 1058 regem
366 998 598 1044 civitatem
617 1013 750 1042 suam
770 999 816 1042 in
837 998 1014 1043 cineres
1039 998 1361 1059 redacturum,
1385 1001 1421 1046 si
1447 1000 1588 1047 fidem

183 1072 269 1118 sibi
296 1073 454 1119 datam
484 1090 538 1120 ac
572 1074 822 1137 praestitam
848 1072 1044 1137 posthac
1077 1075 1309 1121 ullatenus
1339 1077 1583 1123 violarent.

216 1157 219 1160 '
247 1151 321 1196 Sic
359 1151 515 1212 itaque
546 1151 822 1211 Burgundiae
859 1152 1124 1211 comitatus,
1152 1153 1313 1215 paucis
1336 1154 1382 1198 in
1417 1154 1586 1199 mensi-

183 1225 288 1285 bus,
308 1236 432 1272 totus
454 1236 521 1272 est
545 1226 631 1272 sul)
652 1227 879 1273 ditionem
901 1229 1076 1289 regiam
1099 1229 1363 1275 devolutus.

248 1304 425 1348 Rumor
477 1313 589 1348 tunc
625 1302 859 1365 aliquibus
900 1303 1065 1349 diebus
1106 1305 1300 1350 invaluit
1336 1304 1584 1352 dominum

183 1377 241 1422 de
277 1378 494 1440 Arguez'l,
524 1379 784 1440 principem
826 1379 1073 1438 Auraciae3,
1101 1395 1210 1424 cum
1244 1380 1401 1442 aliqua
1439 1398 1584 1428 manu

182 1454 464 1498 Suitensium
509 1452 739 1499 nonnulla
784 1462 934 1499 castra
963 1463 1009 1499 et
1045 1454 1218 1517 oppida
1258 1471 1580 1518 recuperasse3

182 1526 406 1588 quodque
429 1542 538 1572 cum
565 1527 700 1589 regiis
739 1525 965 1572 militibus
986 1528 1094 1573 satis
1123 1528 1278 1575 felicer
1308 1529 1579 1591 dimicarat,

182 1600 339 1646 multis
358 1600 563 1647 millibus
575 1617 631 1647 ex
647 1600 756 1664 ipsis
774 1602 901 1647 caesis
924 1610 970 1647 et
986 1603 1149 1665 captis.
1167 1606 1418 1667 Acceperat
1435 1605 1578 1664 enirn,

182 1676 246 1721 uti
271 1676 520 1734 ferebatur,
549 1694 607 1722 Χῖ,
628 1677 774 1723 millia
793 1687 924 1723 scuta
948 1679 1049 1724 auri
1074 1695 1102 1724 a
1130 1680 1262 1725 terris
1286 1680 1511 1726 Flantlriae
1538 1691 1585 1726 et

183 1753 456 1811 Brabantice,
480 1764 530 1799 ut
551 1754 869 1816 Burgundiam
893 1765 1058 1802 contra
1077 1756 1306 1819 impetum
1322 1758 1435 1818 regii
1458 1774 1584 1804 exer-

182 1829 299 1874 citus
336 1838 577 1875 tutaretur.
613 1829 706 1875 Sed
730 1845 828 1875 non
849 1829 930 1875 diu
951 1829 1144 1892 hujusce
1169 1848 1331 1876 rumor
1358 1832 1583 1895 perdura-

182 1907 263 1963 vit,
290 1906 403 1969 quin
423 1943 434 1965 ,
459 1906 619 1969 paucis
643 1905 823 1952 effluxis
851 1905 1042 1966 diebus,
1068 1924 1216 1953 vanus
1247 1924 1301 1953 ac
1327 1909 1583 1955 mendosus

183 1982 318 2029 fuisse
342 1999 532 2046 prorsus
560 1993 829 2046 compertus
847 1982 1035 2047 [fuerit].

236 2139 270 2172 1.
304 2139 375 2174 Par
405 2137 542 2174 accord
571 2138 679 2187 passc'
707 2138 742 2173 le
768 2139 789 2174 3
815 2137 897 2183 juin
925 2138 1041 2182 1479,
1070 2150 1143 2187 que
1168 2137 1281 2175 Louis
1315 2140 1370 2175 XI
1398 2138 1519 2175 ratifia
1550 2139 1583 2175 le

183 2200 204 2234 8
219 2198 341 2245 juillet
360 2199 523 2237 suivant.
547 2201 660 2248 Cot-ps
681 2200 951 2247 diplomatique
970 2198 1016 2235 de
1036 2201 1220 2245 Dumont,
1243 2207 1268 2236 t.
1284 2202 1338 2237 ΙΙΙ
1359 2204 1412 2247 (2⁶
1433 2200 1581 2250 partie),

182 2274 219 2311 p.
244 2263 307 2298 68.

234 2329 271 2363 2.
303 2328 453 2365 Charles
472 2327 704 2373 d’Amboise‚
727 2328 901 2379 seigneur
924 2328 971 2365 de
996 2328 1434 2373 Chaumont-sur-Loire,
1463 2338 1585 2365 comte

184 2388 229 2424 de
249 2389 408 2426 Brienne
432 2398 469 2426 et
486 2402 725 2440 gouvcrneur
744 2390 791 2427 de
811 2390 1066 2440 Champagne.

239 2452 274 2487 3.
305 2453 355 2488 Le
378 2452 506 2501 prince
529 2452 731 2502 d'Orange,
754 2452 927 2501 seigneur
947 2452 1140 2501 d'Arguel.
