1875 2956
719 172 861 205 LIBER
887 172 1082 205 SEXTUS.
1558 177 1602 209 >²9

215 254 351 298 etiam
382 254 580 316 oppida,
613 265 751 317 prout
784 256 1102 318 unusquisque
1135 254 1224 299 sibi
1262 256 1406 316 magis
1430 272 1603 318 oppor-

216 341 378 375 tunum
400 331 699 391 existimavit,
726 349 824 377 sese
847 332 1125 377 effuderunt.

279 410 362 452 Iste
396 408 478 453 suit
516 408 739 454 infaustus
774 419 910 470 atque
935 407 1272 453 infelicissimus
1305 407 1403 453 dies
1432 409 1603 454 civitati

210 482 508 544 Trajectensi,
535 501 660 547 quae,
694 484 856 547 procul
892 483 1066 543 dubio,
1105 500 1130 528 e
1162 484 1353 545 vestigio
1377 500 1431 528 ex
1463 483 1602 529 liber—

212 568 302 603 tate
334 570 376 603 et
410 560 732 605 florentissimo
759 569 906 619 statu,
931 560 976 604 in
999 575 1165 621 quem,
1193 559 1273 604 (liu
1296 576 1490 605 manens
1516 560 1601 605 sul)

210 635 398 695 legitimi
433 637 627 698 pastoris
666 646 710 680 et
749 637 971 698 principis
1010 636 1079 680 sui
1121 636 1343 698 imperio,
1382 648 1602 699 provecta

211 713 469 770 exstiterat,
508 711 594 756 sub
633 713 921 775 tyrannicam
952 723 1228 776 potestatem
1266 724 1308 758 ct
1352 714 1603 760 infelicissi-

211 803 333 832 mam
363 788 625 834 servitutem
649 799 715 833 est
738 788 938 834 redacta.
973 789 1132 834 Paucis
1155 790 1280 834 enim
1311 799 1414 852 post
1437 789 1602 836 dicbus

209 864 408 923 effluxis,
433 866 527 928 ipse
547 865 764 910 dominus
787 865 844 910 de
866 865 1152 924 Monteforti,
1173 867 1253 928 qui
1279 883 1435 925 suam,
1458 868 1601 913 modo

209 957 302 1002 quo
350 941 666 1003 praediximus,
709 941 1024 987 vindicaverat
1067 952 1367 1006 potestatem,
1410 954 1459 989 ut
1497 961 1600 990 eam

209 1034 350 1063 manu
404 1019 587 1064 militari
632 1018 856 1076 firmaret,
904 1020 1051 1064 sciens
1090 1019 1331 1064 molimina
1370 1037 1452 1066 sua
1504 1038 1598 1066 non

208 1094 350 1140 modo
375 1095 574 1158 expulsis
604 1094 810 1154 civibus,
835 1112 995 1140 verum
1020 1106 1063 1141 et
1087 1096 1298 1159 plurimis
1322 1113 1374 1141 ex
1400 1097 1494 1156 his,
1520 1099 1600 1160 qui

207 1173 328 1217 intus
362 1182 700 1232 remanserant,
731 1172 1029 1218 vehementer
1055 1172 1319 1235 displicere,
1363 1174 1596 1219 accersivit

206 1256 343 1307 atque
372 1247 543 1291 invexit
579 1247 627 1291 in
665 1246 897 1291 civitatem
935 1262 1152 1307 magnam
1188 1246 1465 1308 praedonum
1501 1263 1598 1292 ma-

206 1340 342 1382 num,
383 1339 500 1385 quos
545 1324 785 1369 Teutonici
832 1323 1046 1368 rutheros
1086 1323 1348 1385 appellant,
1394 1339 1598 1385 quorum

205 1414 329 1445 metu
352 1409 490 1461 atque
513 1401 652 1444 armis
677 1400 841 1444 misera
859 1399 1018 1444 civitas
1043 1414 1262 1462 oppressa
1287 1399 1512 1462 respirare
1550 1401 1596 1445 in

202 1476 415 1521 amissam
452 1475 710 1521 libertatem
748 1491 843 1520 non
883 1474 1091 1520 auderet.
1130 1475 1350 1520 Miserum
1385 1475 1596 1538 profecto

201 1562 298 1598 erat
332 1562 430 1598 tum
464 1552 621 1598 videre
659 1551 974 1615 spectaculum
1007 1568 1014 1595 :
1042 1552 1275 1597 civitatem
1312 1552 1455 1615 paulo
1489 1564 1596 1599 ante

200 1629 428 1691 insignem
454 1640 498 1675 et
527 1629 699 1674 civium
728 1628 1081 1674 honorabilium
1106 1628 1403 1674 multitudine
1432 1630 1595 1692 copio-

199 1720 320 1765 sam,
342 1705 618 1768 praedonum
635 1715 680 1751 et
693 1705 1021 1750 vilissimorum
1040 1704 1408 1749 latrunculorum
1428 1721 1595 1766 magna

200 1791 311 1826 tunc
336 1782 667 1827 numerositate
702 1782 916 1826 refertam
947 1791 1085 1843 atque
1120 1781 1383 1844 oppletam3
1423 1781 1503 1827 sed
1535 1783 1592 1827 ad

200 1858 434 1902 silentium
456 1857 578 1903 cives
604 1858 796 1903 miseros
832 1857 1048 1918 adigebat
1077 1867 1242 1902 metus.
1279 1860 1314 1901 E
1337 1857 1508 1919 quibus
1532 1868 1595 1904 ta-

198 1951 332 1992 men,
364 1951 418 1979 ex
451 1933 634 1996 plebeia
657 1932 817 1991 turba,
846 1933 1034 1996 plurimi
1063 1943 1192 1979 erant
1221 1933 1391 1995 quibus
1414 1950 1468 1980 ea
1490 1951 1593 1997 per-

200 2010 402 2056 turbatio
428 2021 555 2072 grata
584 2021 681 2056 erat
701 2046 710 2067 ,
747 2011 811 2056 eis
834 2011 1064 2073 praecipue
1088 2012 1169 2072 qui
1190 2011 1236 2055 in
1259 2027 1395 2056 suum
1420 2013 1594 2075 episco-

200 2104 310 2149 pum
345 2087 455 2132 odio
487 2087 727 2133 acerbiore
761 2087 1052 2143 ferebantur,
1093 2088 1172 2149 qui
1203 2088 1353 2133 metiri
1391 2098 1435 2133 et
1462 2106 1592 2151 arqua

197 2164 327 2210 lance
362 2164 564 2226 pendere
601 2163 891 2223 nesciebant,
932 2165 978 2209 in
1011 2174 1186 2225 quanta
1221 2165 1340 2210 mala
1372 2174 1417 2209 et
1450 2182 1589 2227 quam

200 2242 506 2288 miserabilem
526 2243 794 2288 servitutem
819 2259 871 2288 ex
898 2243 1053 2306 priore
1076 2242 1287 2288 libertate
1313 2252 1357 2287 ct
1379 2243 1590 2287 omnium

200 2334 349 2363 rerum
379 2319 643 2381 opulentia,
674 2335 816 2380 quam
843 2335 927 2364 suo
951 2329 1165 2381 parentes
1188 2319 1384 2364 domino
1413 2318 1589 2363 habue-

199 2404 323 2453 rant,
351 2395 634 2441 recidissent.
671 2395 805 2440 Unde
838 2395 1085 2441 indiscreta
1113 2396 1274 2441 talium
1302 2394 1460 2449 turba,
1488 2395 1588 2455 qui-

196 2467 283 2514 bus
312 2480 357 2515 et
382 2471 543 2517 odium
567 2472 746 2517 domini
780 2472 877 2530 sui,
904 2482 949 2517 et
981 2471 1221 2518 hebetudo
1261 2472 1426 2517 mentis
1458 2471 1592 2516 ratio-

199 2545 453 2593 nisrectum
473 2548 700 2608 judicium
721 2550 905 2612 penitus
923 2549 1275 2608 obtundebant,
1304 2550 1348 2593 in
1370 2548 1588 2594 eumdem

197 2623 422 2684 optimum
448 2634 678 2686 pastorem
711 2643 844 2670 suum
880 2628 1038 2672 omnia
1064 2627 1238 2690 probra
1264 2637 1308 2671 et
1342 2625 1588 2672 maledicta
