1875 2956
717 236 853 271 LIBER
882 236 1144 271 SECUNDUS.
1548 238 1622 271 363

226 325 426 386 regionis
474 333 803 387 cooperatores
845 333 890 368 et
932 333 1028 369 tam
1075 331 1237 368 sancto
1282 323 1624 367 consentientes

224 400 374 446 labori
398 400 497 446 fieri
528 401 808 447 curavimus.
839 399 914 445 Ob
943 399 1073 462 quod
1108 409 1151 444 et
1174 397 1360 461 tyranni
1383 407 1429 444 et
1461 399 1626 443 multo-

226 493 330 521 rum
367 477 662 540 iniquorum,
707 492 822 539 quas
857 491 996 539 supra
1034 475 1343 532 retexuimus,
1387 473 1551 518 odium
1582 484 1625 519 et

224 554 570 614 persecutiones
591 553 872 598 incurrimus
897 561 1034 613 atque
1054 550 1346 614 pertulimus.

290 631 485 693 Propter
520 630 648 691 quod
681 629 936 692 plurimum
965 627 1265 673 consolamur
1298 627 1346 671 in
1386 626 1623 683 Domino3

225 721 385 766 quem,
407 723 515 752 cum
538 707 594 751 sit
610 706 794 763 veritas,
823 704 1010 750 fidelem
1033 720 1131 749 esse
1152 719 1249 748 non
1272 702 1559 762 dubitamus,
1582 713 1627 749 et

225 782 517 828 confidenter
538 782 597 829 ab
622 783 720 844 ejus
752 781 998 828 clementia
1022 780 1289 826 mercedem
1321 779 1380 826 ab
1403 798 1460 826 eo
1482 779 1628 826 beati-

226 860 399 906 tudinis
429 861 758 924 repromissam
786 860 859 906 his
888 860 969 921 qui
1003 869 1195 923 propter
1224 858 1449 921 justitiam
1473 875 1628 920 perse-

225 938 462 982 cutionem
486 938 744 1000 patiuntur,
771 947 1109 1000 exspectamus,
1135 936 1231 981 imo
1255 936 1409 998 potius
1433 936 1627 998 gratiam

225 1030 311 1075 pro
336 1015 496 1075 gratia.
528 1034 548 1057 «
582 1015 706 1060 Beati
737 1032 759 1057 »
792 1015 944 1077 inquit
982 1033 1003 1057 «
1031 1013 1172 1072 eritis,
1200 1030 1308 1059 cum
1330 1012 1516 1058 oderint
1546 1030 1629 1058 vos

223 1089 465 1148 homines3
492 1100 537 1136 et
559 1108 668 1137 cum
698 1092 1014 1156 separaverint
1036 1107 1120 1136 vos
1143 1100 1188 1135 et
1216 1089 1625 1153 exprobraverint,

228 1175 271 1211 et
293 1167 515 1229 ejecerint
537 1185 712 1213 nomen
736 1177 941 1213 vestrum
968 1176 1194 1229 tanquam
1220 1167 1415 1226 malum,
1438 1176 1631 1229 propter

226 1241 373 1288 filium
396 1243 622 1304 hominis,
651 1244 847 1306 gaudete
873 1254 917 1290 et
941 1245 1191 1303 exsultate3
1225 1260 1332 1290 ecce
1360 1244 1487 1289 enim
1510 1260 1631 1288 mer-

225 1336 301 1365 ces
330 1331 481 1368 vestra
500 1322 647 1368 multa
665 1332 731 1367 est
751 1323 797 1367 in
819 1323 954 1367 coelo.
987 1341 1008 1365 »
1029 1324 1136 1367 Haec
1159 1322 1285 1366 enim
1310 1337 1413 1384 spes
1430 1330 1475 1365 et
1497 1320 1631 1367 firma

226 1406 364 1459 atque
388 1408 512 1444 certa
535 1399 835 1461 exspectatio,
859 1415 1001 1460 quain
1027 1415 1124 1443 non
1149 1397 1207 1442 de
1231 1397 1433 1460 propriis
1457 1398 1632 1443 meritis

226 1474 295 1518 ve]
317 1474 516 1536 justitia,
544 1475 624 1521 sed
649 1475 708 1521 de
732 1475 831 1521 sola
858 1477 943 1523 Dei
972 1474 1291 1520 misericordia
1317 1483 1361 1518 et
1385 1474 1632 1520 clementia

227 1550 342 1595 mihi
376 1562 614 1615 antepono
658 1569 712 1597 ac
750 1552 962 1615 praefero,
1013 1568 1087 1596 me
1119 1550 1360 1596 consolata
1395 1560 1461 1596 est
1492 1551 1634 1614 pluri-

226 1643 450 1690 mumque
476 1627 636 1673 dietim
658 1629 927 1674 consolatur
946 1629 994 1673 in
1017 1627 1279 1673 humilitate
1305 1644 1423 1673 mea.
1454 1631 1509 1672 Et
1527 1628 1634 1673 licet

228 1719 379 1765 neque
404 1705 637 1750 dictorum
666 1721 940 1767 procerum,
968 1720 1120 1765 neque
1150 1714 1326 1764 nostra,
1354 1721 1506 1767 neque
1529 1706 1633 1768 plu-

227 1780 456 1825 rimorum
502 1781 701 1826 aliorum
742 1781 997 1827 zelatorum
1032 1781 1218 1842 justitiae
1264 1782 1342 1844 pia
1387 1791 1432 1827 et
1475 1792 1632 1828 sancta

228 1857 454 1915 intentio,
503 1875 644 1920 quem
688 1857 969 1921 putabamus
1018 1857 1443 1921 sperabamusque,
1499 1859 1635 1904 suerit

229 1944 479 1980 consecuta
518 1934 762 1991 effectum,
802 1944 958 1980 tamen
1003 1933 1197 1980 firmiter
1239 1945 1284 1980 et
1330 1934 1507 1997 absque
1541 1936 1634 1981 ulla

227 2009 515 2057 haesitatione
552 2010 836 2057 confidimus
867 2028 895 2057 a
929 2011 1290 2057 clementissimo
1317 2015 1449 2058 Patre
1482 2030 1635 2076 neque

228 2086 354 2150 ipsos
376 2105 528 2151 neque
554 2105 640 2134 nos
660 2098 827 2135 nostrae
850 2087 987 2134 bona:
1013 2089 1266 2135 voluntatis
1285 2088 1488 2135 fraudari
1513 2107 1635 2136 mer-

230 2165 343 2210 cede
372 2176 418 2211 et
441 2166 617 2223 fructu,
654 2167 733 2228 qui
758 2182 854 2211 non
880 2165 939 2212 ab
963 2182 1118 2211 rerum
1142 2167 1290 2223 exitu,
1320 2167 1401 2212 sed
1428 2183 1455 2213 a
1477 2178 1636 2214 sancta

230 2242 418 2304 piorum
450 2243 711 2289 intentione
745 2259 889 2306 opera
920 2253 1080 2288 nostra
1107 2253 1272 2306 pensat
1305 2253 1350 2288 et
1384 2244 1630 2307 approbat.

236 2337 256 2360 κ
284 2319 457 2378 Exitus,
492 2339 511 2360 ³>
540 2320 692 2382 inquit
711 2319 882 2365 nobilis
903 2329 1042 2382 poeta
1067 2319 1264 2364 Ovidius
1286 2320 1632 2382 interrogative,

237 2416 257 2437 «
286 2406 388 2443 acta
409 2396 612 2461 probat?
634 2417 654 2441 υ
682 2407 727 2443 et
751 2397 881 2460 quod
907 2396 1082 2443 diceret
1106 2414 1228 2457 non,
1254 2397 1482 2443 subinfert
1503 2417 1511 2443 :

807 2512 955 2552 Careat
976 2512 1229 2553 successibus
1253 2523 1352 2569 opto

382 2580 576 2637 Quisquis
598 2583 650 2623 ab
674 2593 826 2624 eventu
850 2582 958 2623 facta
984 2582 1169 2624 notanda
1195 2594 1327 2640 putat.
