1875 2956
291 227 299 260 1
319 227 360 261 14
646 226 673 259 11
682 223 814 259 ISTOR
823 222 978 256 [ARUM
1009 222 1071 256 LU
1081 221 1242 258 DOVICI
1273 222 1325 256 XI

283 313 410 357 vium
440 327 633 357 suorum
655 307 981 371 expeditorum
1006 306 1279 351 comitatum
1302 316 1440 369 atque
1462 308 1684 354 auxilium

283 389 493 435 invenire
511 423 522 445 ‚
555 387 680 432 solus
704 400 813 430 cum
836 383 996 446 paucis
1027 398 1146 445 quos
1169 381 1378 429 habebat
1394 419 1406 442 ‚
1431 384 1491 431 ad
1517 384 1685 430 subur-

281 464 461 511 banum
495 463 681 520 exivit¹7
712 461 886 506 civium
920 475 1114 505 suorum
1144 474 1225 503 seu
1246 459 1431 520 ignavia
1462 477 1541 507 seu
1573 461 1685 506 dolo

283 542 486 588 nudatus
509 556 562 586 ac
583 538 830 584 destitutus
843 537 1032 583 auxilio.
1052 539 1211 598 Neque
1229 536 1373 595 enim,
1400 537 1467 582 uti
1491 537 1687 601 impera·

283 628 353 664 rat
384 628 429 663 et
457 616 588 679 quod
615 616 678 661 ita
706 614 870 660 facturi
900 614 1054 659 forent
1079 611 1375 673 confidebat,
1420 629 1527 658 eum
1568 614 1688 660 inse-

283 696 377 740 cuti
400 703 535 753 sunt;
557 693 638 739 sed
658 693 732 738 vel
749 691 933 738 attoniti
955 681 1249 736 adventantis
1266 689 1417 735 hostis
1437 688 1686 737 formidine

284 788 338 818 ac
371 786 569 834 pavore,
596 770 671 816 vel
702 769 868 814 inertia
897 777 1136 831 torpentes
1164 776 1244 813 aut
1272 766 1563 829 proditiones
1591 784 1687 814 me-

285 848 510 907 ditantes,
538 862 626 910 pro
651 845 980 891 malevolentia
1003 860 1145 906 quam
1177 843 1446 890 habuerunt
1469 843 1529 890 ad
1551 860 1687 890 suum

281 926 554 985 dominum,
582 940 691 969 eum
711 924 905 968 minime
928 922 1110 984 insequi
1130 924 1394 967 curarunt’.

345 1006 498 1059 Quem
536 1018 645 1047 cum
671 1010 767 1047 tam
790 1002 959 1062 exiguo
989 1000 1233 1045 inveniens
1256 999 1404 1044 hostis
1430 999 1656 1046 comitatu
1674 1038 1684 1056 ‚

280 1081 328 1125 in
351 1096 461 1125 eum
487 1078 605 1124 furia
632 1088 677 1124 et
700 1077 873 1123 saevitia
896 1076 1108 1121 invectus
1123 1113 1133 1133 ‚
1167 1092 1311 1121 manu
1337 1076 1530 1138 propria
1546 1113 1558 1136 ,
1584 1077 1690 1122 licet

280 1173 367 1221 pro
391 1157 485 1203 vita
519 1154 783 1201 humillime
815 1153 1158 1217 supplicantem
1190 1162 1237 1198 et
1264 1153 1426 1198 omnia
1451 1152 1580 1199 bona
1607 1170 1690 1199 sua

280 1244 420 1296 atque
440 1234 645 1297 seipsum
667 1232 716 1277 in
743 1230 981 1294 captivum
1007 1230 1231 1276 asservari
1258 1229 1431 1275 obnixe
1453 1230 1692 1294 postulan-

283 1320 375 1355 tem
396 1348 407 1370 ‚
450 1309 702 1356 crudeliter
736 1307 892 1371 gladio
931 1308 977 1352 in
1013 1307 1242 1353 cervicem
1278 1308 1422 1371 ipsius
1456 1308 1686 1372 impacto,

280 1387 531 1432 trucidavit
547 1388 577 1444 ³,
605 1386 772 1431 nolens
804 1385 949 1430 alium
977 1400 1120 1446 quam
1142 1401 1189 1430 se
1212 1394 1308 1429 tam
1337 1384 1528 1430 nefandi
1557 1395 1603 1430 et
1625 1400 1691 1430 sa—

280 1464 436 1525 crilegi
460 1462 684 1509 carnificii
706 1472 845 1524 atque
869 1462 1024 1524 operis
1046 1461 1146 1506 fieri
1171 1471 1507 1507 exsecutorem.

345 1541 531 1587 Cadens
569 1550 726 1586 autem
767 1538 894 1584 idem
930 1538 1179 1601 episcopus
1216 1554 1325 1583 cum
1359 1538 1567 1600 quodam
1600 1539 1692 1585 alio

281 1619 492 1665 similiter
522 1627 688 1663 necato
716 1615 920 1678 (czeteris
949 1632 1034 1679 per
1073 1615 1229 1677 sugam
1261 1615 1621 1677 evadentibus),
1647 1627 1693 1663 et

282 1696 423 1743 armis
445 1711 501 1741 ac
529 1694 819 1740 indumentis
844 1694 1018 1738 cacteris
1052 1693 1301 1755 spoliatus,
1330 1709 1478 1754 usque
1515 1693 1575 1739 ad
1604 1703 1694 1739 ter-

282 1775 401 1820 tium
423 1774 549 1819 diem
573 1773 621 1817 in
650 1788 708 1817 eo
729 1772 838 1817 loco
864 1771 1011 1832 jacuit
1040 1770 1194 1815 nudus
1212 1771 1240 1814 ²⁶.
1270 1772 1423 1826 Quem
1445 1771 1693 1833 sacrilegus

283 1869 337 1899 ac
371 1850 734 1906 immanissimus
768 1847 1024 1911 parricida,
1064 1863 1151 1892 nec
1201 1862 1433 1909 generosae
1466 1849 1694 1911 prosapiae

285 1929 457 1974 intuitu
491 1935 735 1991 permotus
772 1926 902 1987 (erat
933 1923 1060 1969 enim
1096 1922 1233 1969 frater
1264 1923 1395 1969 ducis
1436 1923 1689 1979 Borbonii,

285 2005 381 2067 regi
405 2007 695 2049 Francorum
724 2000 1130 2061 consanguinitate
1155 2000 1463 2062 conjunctus,
1490 2018 1693 2047 avuncu-

284 2082 449 2144 lusque
483 2080 800 2141 ¹illustrissintze
840 2077 1043 2123 dominae
1076 2078 1257 2137 Mariae,
1300 2078 1396 2139 Jam
1433 2077 1688 2138 defunctae,

339 2218 376 2253 1.
413 2232 428 2247 «
451 2213 662 2250 Exiverunt
688 2225 822 2250 versus
852 2212 1040 2257 Clmyne'e.
1074 2224 1090 2246 »
1124 2211 1313 2248 Adrianus
1342 2211 1388 2249 (le
1420 2213 1692 2251 Veteri-Bosco

285 2292 347 2329 alr
369 2277 562 2321 Martene,
590 2278 716 2325 Ampl.
741 2278 929 2319 collectio,
951 2282 978 2310 t.
1001 2275 1066 2320 IV,
1088 2273 1161 2312 col.
1184 2276 1298 2311 1377.

339 2342 376 2376 ἓ.
413 2359 426 2373 u«
455 2338 662 2375 ministeria
690 2337 838 2374 stabant
860 2336 905 2373 ad
934 2343 1088 2385 pontem
1117 2336 1427 2384 Amari—Cordis,
1454 2337 1687 2389 disputantes

286 2403 369 2453 quis
387 2402 475 2448 iret,
496 2400 684 2437 dicendo:
710 2399 813 2435 Vade
834 2407 886 2434 tu.
909 2396 1029 2433 Vadat
1046 2396 1124 2434 ille.
1150 2413 1167 2430 :o
1192 2397 1310 2446 llam„
1333 2399 1406 2437 col,
1433 2402 1548 2438 1378,

340 2468 377 2502 5²».
406 2465 436 2502 Il
456 2465 562 2507 erait,
584 2463 734 2499 suivant
754 2461 910 2498 Molinct
924 2489 933 2505 ‚
962 2477 976 2491 «
1000 2460 1104 2496 amne
1131 2459 1177 2496 de
1204 2469 1324 2497 tontes
1344 2462 1467 2511 picces
1482 2492 1492 2509 ‚
1512 2464 1619 2501 sinon

226 2533 233 2539 ‘
286 2527 375 2564 chef
395 2536 431 2564 et
456 2524 698 2572 ‹lesja1nl›es,
720 2541 737 2558 η

340 2593 376 2627 [k.
409 2589 562 2626 Molinet
590 2596 625 2624 et
650 2586 864 2625 Communes
892 2584 1013 2620 disent
1037 2597 1110 2633 quc
1132 2597 1198 2621 son
1228 2597 1338 2636 corps
1364 2588 1415 2623 sut
1441 2587 1516 2634 jete
1545 2588 1638 2626 dans
1657 2590 1691 2626 la

285 2655 439 2695 Mense,
461 2651 553 2688 mais
573 2651 608 2686 le
628 2650 753 2687 nmine
775 2647 916 2685 Adrien
938 2646 1118 2696 explique
1138 2648 1229 2696 qu'il
1256 2649 1383 2686 tomba
1404 2650 1450 2686 de
1472 2663 1541 2688 son
1558 2651 1691 2689 cheval

285 2716 377 2751 dans
397 2715 508 2751 l'ean.
