1875 2956
244 252 318 287 352
805 247 1071 291 11Ρο1011111,

243 337 458 384 absentes
488 335 747 398 quidquam
771 333 829 379 de
852 333 1255 379 administratione
1280 335 1395 396 ejus,
1429 336 1501 382 vel
1530 345 1645 382 tem-

245 415 476 479 poralium
500 413 571 457 vel
592 410 920 474 spiritualium,
948 426 1201 473 procurare
1227 421 1306 456 aut
1329 428 1485 472 gerere
1501 448 1512 470 ,
1537 430 1645 458 cum

246 508 331 537 nec
356 490 573 535 nuntium
600 497 679 532 aut
708 487 954 549 epistolam
983 487 1231 549 quisquam
1268 503 1296 532 a
1330 487 1467 533 nobis
1506 490 1647 535 susci-

247 583 355 629 pere
379 565 450 610 x‘el
476 564 535 610 ad
560 580 647 608 nos
675 563 773 608 sine
804 561 1007 607 evidenti
1032 563 1099 608 sui
1128 563 1290 625 capitis
1313 563 1519 625 periculo
1546 565 1648 610 des-

246 644 393 688 tinare
413 641 605 687 auderet
630 658 638 685 :
666 639 725 685 ad
743 638 1089 684 occurrendum
1112 648 1181 683 tot
1201 639 1333 684 malis
1353 648 1397 684 et
1414 640 1645 701 periculis,

247 730 291 766 et
319 719 378 765 ad
400 720 561 765 omnia
586 718 794 764 tollenda
819 717 1039 763 scandala
1062 733 1164 779 quae
1192 715 1368 761 malitia
1399 716 1539 762 etiam
1568 717 1649 762 ali-

248 813 451 859 quorum
485 796 542 841 de
568 795 705 858 plebe
744 804 927 853 nostra,
975 794 1081 838 licet
1124 809 1322 838 numero
1363 808 1648 855 paucorum,

248 872 529 917 devotorum
572 871 947 933 comparatione,
987 869 1235 915 adversum
1270 885 1357 914 nos
1403 868 1649 928 excitarat,

250 949 398 1010 regias
421 964 555 993 aures
588 948 681 992 suis
710 947 832 992 falsis
855 956 900 991 et
927 946 1227 991 calumniosis
1251 943 1656 991 criminationibus

250 1024 518 1089 implendo,
565 1023 887 1069 consensimus
922 1022 967 1067 id
1007 1022 1137 1084 quod
1166 1020 1497 1066 desiderabant
1520 1020 1656 1083 perfi-

251 1119 383 1162 cere,
410 1103 518 1147 licet
544 1109 710 1146 nostrae
744 1099 1019 1145 calamitatis
1054 1099 1177 1144 hanc
1213 1108 1387 1144 sortem
1419 1114 1473 1144 ac
1507 1098 1657 1144 vicem

251 1180 508 1243 plurimum
544 1178 781 1235 dolentes,
813 1176 942 1238 quod
983 1193 1079 1221 non
1116 1176 1297 1221 licuerit
1334 1175 1474 1222 1101115
1499 1175 1555 1221 ad
1588 1192 1659 1221 ec-

252 1257 400 1302 clesiae
456 1255 839 1319 procurationem
890 1254 1251 1315 doctrinamque
1296 1251 1446 1298 fidelis
1498 1254 1658 1316 populi

254 1342 468 1378 nostrum
495 1335 595 1377 Deo
637 1331 812 1376 diutius
852 1329 1074 1376 exhibere
1114 1330 1408 1375 famulatum.
1454 1330 1570 1382 Nam
1602 1328 1660 1375 de

254 1409 502 1472 temporali
546 1408 730 1454 honore
770 1408 844 1453 vel
882 1406 1052 1470 opibus
1103 1406 1322 1462 terrenis,
1372 1405 1543 1467 quibus
1586 1421 1662 1451 ec-

256 1487 394 1531 clesia
415 1486 522 1531 satis
545 1485 768 1530 nobiliter
792 1485 952 1530 dotata
975 1493 1059 1543 est,
1088 1483 1217 1545 quod
1241 1484 1305 1529 eis
1331 1499 1488 1528 carere
1509 1481 1662 1528 habe-

258 1578 442 1621 remus,
478 1562 671 1606 11111111116
705 1570 919 1605 nostrum
950 1559 1170 1620 tangebat
1195 1559 1400 1620 tangitxe
1423 1559 1658 1604 affectum.

322 1639 470 1700 Hujus
500 1647 656 1682 autem
684 1638 750 1682 rei
788 1636 1085 1700 perficienda*
1107 1637 1252 1697 gratia
1270 1671 1281 1693 ,
1317 1635 1377 1680 ad
1406 1635 1664 1698 petendum

258 1726 398 1779 atque
413 1715 773 1778 supplicandum
795 1730 821 1759 a
840 1714 1130 1759 sanctissimo
1148 1723 1277 1776 patre
1293 1713 1488 1758 domino
1504 1721 1664 1757 nostro

260 1809 383 1856 papa
408 1792 553 1848 Sixto,
583 1807 768 1835 summo
788 1790 1031 1853 pontifice,
1052 1790 1234 1835 admitti
1259 1789 1321 1834 ob
1341 1789 1489 1834 dictas
1506 1805 1667 1834 causas

262 1869 521 1915 cessionem
543 1877 770 1926 nostram,
799 1883 978 1928 nosque
1003 1882 1146 1911 onere
1176 1866 1412 1927 regiminis
1431 1865 1634 1911 ecclesiae
1651 1902 1663 1924 ,

262 1947 336 1992 cui
379 1946 572 1991 minime
604 1944 877 1989 incumbere
915 1942 1201 2000 sinebamur,
1249 1942 1450 2000 absolvi,
1500 1941 1667 1987 urbem

265 2026 459 2068 Romam
497 2022 803 2085 personaliter
838 2020 1137 2074 accessimus,
1181 2029 1394 2065 currente
1429 2035 1555 2064 anno
1586 2019 1668 2064 do-

264 2100 445 2145 minicae
469 2099 805 2144 incarnationis
822 2114 1131 2144 MCCCCLxle.
1157 2098 1266 2154 Qui,
1296 2097 1399 2142 licet
1421 2096 1587 2141 auditis
1611 2112 1666 2140 ex

263 2184 394 2237 parte
430 2175 504 2219 1115
551 2191 652 2236 qua¹
691 2190 831 2237 supra
872 2173 1176 2232 retexuimus,
1217 2173 1367 2218 viceni
1404 2171 1526 2216 hanc
1565 2188 1669 2216 nos-

266 2259 385 2295 tram
413 2260 457 2295 ct
480 2252 681 2295 ecclesia·
702 2259 869 2295 nostl'a‘⁴
899 2250 1154 2312 plurimum
1175 2249 1374 2307 doleret,
1398 2247 1605 2293 similiter
1625 2257 1669 2292 et

267 2327 641 2371 reverendissimi
679 2326 861 2373 domini
899 2326 1183 2385 cardinales,
1227 2325 1505 2385 ol'l'erretque
1543 2323 1668 2368 idem

267 2401 560 2448 beatissimus
580 2403 788 2466 pontifex
809 2439 819 2461 ,
845 2403 881 2446 si
902 2403 1079 2448 curiam
1100 2418 1231 2447 suam
1262 2403 1391 2465 sequi
1418 2402 1664 2460 vellemus,

270 2478 407 2524 nobis
436 2479 756 2542 provisionem
778 2478 1026 2523 honestam
1058 2480 1318 2540 assignare,
1351 2488 1506 2523 tamen
1532 2476 1670 2522 nobis

270 2556 316 2601 in
342 2555 681 2619 supplicatione
710 2564 868 2600 nostra
900 2555 1326 2617 persex'erantibus,
1353 2554 1507 2601 eidem
1537 2553 1669 2600 beni-

271 2648 359 2692 gne
378 2631 543 2677 annuit
559 2640 600 2675 et
629 2631 897 2676 clementer.
923 2633 1135 2694 Cumque
1159 2631 1496 2696 patriarchatus
1518 2631 1672 2676 hono-

270 2723 368 2752 rem
391 2723 444 2753 ac
468 2707 652 2753 titulum
674 2706 812 2753 nobis
832 2707 942 2753 dare
967 2709 1118 2769 vcllct,
1137 2709 1414 2771 offerretque
1436 2708 1495 2754 ad
1514 2723 1669 2767 regem
