<?xml version="1.0" encoding="UTF-8"?>
<!DOCTYPE html PUBLIC "-//W3C//DTD XHTML 1.0 Transitional//EN"
    "http://www.w3.org/TR/xhtml1/DTD/xhtml1-transitional.dtd">
<html xmlns="http://www.w3.org/1999/xhtml" xml:lang="en" lang="en">
 <head>
  <title>
</title>
<meta http-equiv="Content-Type" content="text/html;charset=utf-8" />
  <meta name='ocr-system' content='tesseract 3.04.00' />
  <meta name='ocr-capabilities' content='ocr_page ocr_carea ocr_par ocr_line ocrx_word'/>
</head>
<body>
  <div class='ocr_page' id='page_1' title='image "./histoiredesrgn03basi_0237.png"; bbox 0 0 1875 2956; ppageno 0'>
   <div class='ocr_carea' id='block_1_1' title="bbox 686 220 1590 257">
    <p class='ocr_par' dir='ltr' id='par_1_1' title="bbox 686 220 1590 257">
     <span class='ocr_line' id='line_1_1' title="bbox 686 220 1590 257; baseline 0 -1"><span class='ocrx_word' id='word_1_1' title='bbox 686 222 830 257; x_wconf 81' lang='lat' dir='ltr'>LIBER</span> <span class='ocrx_word' id='word_1_2' title='bbox 858 220 1104 257; x_wconf 72' lang='lat' dir='ltr'><strong>SEPTIMUS.</strong></span> <span class='ocrx_word' id='word_1_3' title='bbox 1516 222 1590 256; x_wconf 76' lang='lat'>185</span> 
     </span>
    </p>
   </div>
   <div class='ocr_carea' id='block_1_2' title="bbox 198 303 1606 1954">
    <p class='ocr_par' dir='ltr' id='par_1_2' title="bbox 198 303 1606 1954">
     <span class='ocr_line' id='line_1_2' title="bbox 262 303 1596 370; baseline -0.002 -17"><span class='ocrx_word' id='word_1_4' title='bbox 262 311 366 353; x_wconf 87' lang='lat' dir='ltr'>Haec</span> <span class='ocrx_word' id='word_1_5' title='bbox 410 307 600 370; x_wconf 90' lang='lat' dir='ltr'>quidem</span> <span class='ocrx_word' id='word_1_6' title='bbox 643 307 905 352; x_wconf 80' lang='lat' dir='ltr'>adulatores</span> <span class='ocrx_word' id='word_1_7' title='bbox 945 307 1096 351; x_wconf 83' lang='lat' dir='ltr'>dicere</span> <span class='ocrx_word' id='word_1_8' title='bbox 1138 313 1422 367; x_wconf 82' lang='lat' dir='ltr'>potuerunt,</span> <span class='ocrx_word' id='word_1_9' title='bbox 1461 303 1596 366; x_wconf 87' lang='lat' dir='ltr'>[sicut</span> 
     </span>
     <span class='ocr_line' id='line_1_3' title="bbox 198 379 1596 447; baseline -0.005 -16"><span class='ocrx_word' id='word_1_10' title='bbox 198 384 260 447; x_wconf 86' lang='lat' dir='ltr'>et]</span> <span class='ocrx_word' id='word_1_11' title='bbox 288 404 309 427; x_wconf 90' lang='lat'>«</span> <span class='ocrx_word' id='word_1_12' title='bbox 328 385 473 447; x_wconf 90' lang='lat' dir='ltr'>impio</span> <span class='ocrx_word' id='word_1_13' title='bbox 500 403 508 429; x_wconf 91' lang='lat'><strong>:</strong></span> <span class='ocrx_word' id='word_1_14' title='bbox 535 385 683 446; x_wconf 85' lang='lat' dir='ltr'>justus</span> <span class='ocrx_word' id='word_1_15' title='bbox 701 400 776 440; x_wconf 82' lang='lat' dir='ltr'>es3</span> <span class='ocrx_word' id='word_1_16' title='bbox 803 399 921 445; x_wconf 87' lang='lat' dir='ltr'>quos</span> <span class='ocrx_word' id='word_1_17' title='bbox 942 383 1107 428; x_wconf 88' lang='lat' dir='ltr'>merito</span> <span class='ocrx_word' id='word_1_18' title='bbox 1131 379 1411 425; x_wconf 83' lang='lat' dir='ltr'>maledicent</span> <span class='ocrx_word' id='word_1_19' title='bbox 1433 381 1596 442; x_wconf 89' lang='lat' dir='ltr'>populi</span> 
     </span>
     <span class='ocr_line' id='line_1_4' title="bbox 198 455 1596 516; baseline -0.005 -10"><span class='ocrx_word' id='word_1_20' title='bbox 198 471 242 506; x_wconf 87' lang='lat' dir='ltr'>et</span> <span class='ocrx_word' id='word_1_21' title='bbox 261 460 613 506; x_wconf 85' lang='lat' dir='ltr'>detestabuntur</span> <span class='ocrx_word' id='word_1_22' title='bbox 629 460 775 505; x_wconf 91' lang='lat' dir='ltr'>tribus</span> <span class='ocrx_word' id='word_1_23' title='bbox 798 479 838 516; x_wconf 82' lang='lat'>»3</span> <span class='ocrx_word' id='word_1_24' title='bbox 858 475 967 504; x_wconf 84' lang='lat' dir='ltr'>narn</span> <span class='ocrx_word' id='word_1_25' title='bbox 991 472 1149 503; x_wconf 83' lang='lat' dir='ltr'>revera</span> <span class='ocrx_word' id='word_1_26' title='bbox 1167 455 1431 501; x_wconf 88' lang='lat' dir='ltr'>volentibus</span> <span class='ocrx_word' id='word_1_27' title='bbox 1448 471 1596 516; x_wconf 85' lang='lat' dir='ltr'>agno-</span> 
     </span>
     <span class='ocr_line' id='line_1_5' title="bbox 198 532 1598 595; baseline -0.004 -12"><span class='ocrx_word' id='word_1_28' title='bbox 198 555 325 585; x_wconf 85' lang='lat' dir='ltr'>scere</span> <span class='ocrx_word' id='word_1_29' title='bbox 361 548 405 584; x_wconf 88' lang='lat' dir='ltr'>et</span> <span class='ocrx_word' id='word_1_30' title='bbox 441 538 568 584; x_wconf 88' lang='lat' dir='ltr'>fateri</span> <span class='ocrx_word' id='word_1_31' title='bbox 599 539 863 595; x_wconf 84' lang='lat' dir='ltr'>veritatem,</span> <span class='ocrx_word' id='word_1_32' title='bbox 908 535 1035 580; x_wconf 91' lang='lat' dir='ltr'>nulla</span> <span class='ocrx_word' id='word_1_33' title='bbox 1080 532 1268 579; x_wconf 83' lang='lat' dir='ltr'>suberat</span> <span class='ocrx_word' id='word_1_34' title='bbox 1310 532 1598 578; x_wconf 84' lang='lat' dir='ltr'>rationabilis</span> 
     </span>
     <span class='ocr_line' id='line_1_6' title="bbox 199 608 1600 678; baseline -0.005 -18"><span class='ocrx_word' id='word_1_35' title='bbox 199 630 336 660; x_wconf 88' lang='lat' dir='ltr'>causa</span> <span class='ocrx_word' id='word_1_36' title='bbox 357 625 548 678; x_wconf 89' lang='lat' dir='ltr'>propter</span> <span class='ocrx_word' id='word_1_37' title='bbox 578 630 719 676; x_wconf 86' lang='lat' dir='ltr'>quam</span> <span class='ocrx_word' id='word_1_38' title='bbox 744 628 938 674; x_wconf 84' lang='lat' dir='ltr'>regnum</span> <span class='ocrx_word' id='word_1_39' title='bbox 969 611 1106 667; x_wconf 91' lang='lat' dir='ltr'>illud,</span> <span class='ocrx_word' id='word_1_40' title='bbox 1133 609 1376 673; x_wconf 89' lang='lat' dir='ltr'>quondam</span> <span class='ocrx_word' id='word_1_41' title='bbox 1410 608 1600 654; x_wconf 87' lang='lat' dir='ltr'>nobilis-</span> 
     </span>
     <span class='ocr_line' id='line_1_7' title="bbox 198 685 1598 752; baseline -0.004 -16"><span class='ocrx_word' id='word_1_42' title='bbox 198 691 394 746; x_wconf 88' lang='lat' dir='ltr'>simum,</span> <span class='ocrx_word' id='word_1_43' title='bbox 442 700 485 736; x_wconf 88' lang='lat' dir='ltr'>et</span> <span class='ocrx_word' id='word_1_44' title='bbox 520 692 618 752; x_wconf 87' lang='lat' dir='ltr'>ejus</span> <span class='ocrx_word' id='word_1_45' title='bbox 657 688 826 734; x_wconf 86' lang='lat' dir='ltr'>accolae</span> <span class='ocrx_word' id='word_1_46' title='bbox 856 688 994 733; x_wconf 91' lang='lat' dir='ltr'>tantis</span> <span class='ocrx_word' id='word_1_47' title='bbox 1029 688 1201 733; x_wconf 75' lang='lat' dir='ltr'>militiae</span> <span class='ocrx_word' id='word_1_48' title='bbox 1236 696 1279 732; x_wconf 88' lang='lat' dir='ltr'>et</span> <span class='ocrx_word' id='word_1_49' title='bbox 1317 685 1598 732; x_wconf 83' lang='lat' dir='ltr'>tributorum</span> 
     </span>
     <span class='ocr_line' id='line_1_8' title="bbox 199 761 1598 829; baseline -0.004 -18"><span class='ocrx_word' id='word_1_50' title='bbox 199 767 484 829; x_wconf 73' lang='lat' dir='ltr'>ponderibus</span> <span class='ocrx_word' id='word_1_51' title='bbox 507 765 743 827; x_wconf 85' lang='lat' dir='ltr'>aggravari</span> <span class='ocrx_word' id='word_1_52' title='bbox 775 763 999 809; x_wconf 87' lang='lat' dir='ltr'>deberent</span> <span class='ocrx_word' id='word_1_53' title='bbox 1024 781 1033 807; x_wconf 80' lang='lat' dir='ltr'><em>z</em></span> <span class='ocrx_word' id='word_1_54' title='bbox 1068 764 1271 826; x_wconf 83' lang='lat' dir='ltr'>primum</span> <span class='ocrx_word' id='word_1_55' title='bbox 1291 763 1401 825; x_wconf 85' lang='lat' dir='ltr'>quia</span> <span class='ocrx_word' id='word_1_56' title='bbox 1423 778 1449 807; x_wconf 94' lang='lat' dir='ltr'>a</span> <span class='ocrx_word' id='word_1_57' title='bbox 1468 761 1598 806; x_wconf 87' lang='lat' dir='ltr'>nullo</span> 
     </span>
     <span class='ocr_line' id='line_1_9' title="bbox 198 839 1596 903; baseline -0.004 -16"><span class='ocrx_word' id='word_1_58' title='bbox 198 843 407 888; x_wconf 83' lang='lat' dir='ltr'>humano</span> <span class='ocrx_word' id='word_1_59' title='bbox 435 843 590 898; x_wconf 87' lang='lat' dir='ltr'>hoste,</span> <span class='ocrx_word' id='word_1_60' title='bbox 618 842 665 886; x_wconf 91' lang='lat' dir='ltr'>in</span> <span class='ocrx_word' id='word_1_61' title='bbox 687 857 781 902; x_wconf 89' lang='lat' dir='ltr'>quo</span> <span class='ocrx_word' id='word_1_62' title='bbox 805 840 1065 903; x_wconf 82' lang='lat' dir='ltr'>quidquam</span> <span class='ocrx_word' id='word_1_63' title='bbox 1086 839 1388 885; x_wconf 82' lang='lat' dir='ltr'>humanitatis</span> <span class='ocrx_word' id='word_1_64' title='bbox 1411 840 1596 896; x_wconf 83' lang='lat' dir='ltr'>inesset,</span> 
     </span>
     <span class='ocr_line' id='line_1_10' title="bbox 200 919 1596 981; baseline -0.002 -18"><span class='ocrx_word' id='word_1_65' title='bbox 200 920 387 964; x_wconf 65' lang='lat' dir='ltr'>saeviora</span> <span class='ocrx_word' id='word_1_66' title='bbox 418 929 621 965; x_wconf 77' lang='lat' dir='ltr'>metuere</span> <span class='ocrx_word' id='word_1_67' title='bbox 655 928 895 981; x_wconf 77' lang='lat' dir='ltr'>poterant,</span> <span class='ocrx_word' id='word_1_68' title='bbox 930 933 1071 980; x_wconf 88' lang='lat' dir='ltr'>quam</span> <span class='ocrx_word' id='word_1_69' title='bbox 1107 919 1234 979; x_wconf 61' lang='lat' dir='ltr'>quae¹</span> <span class='ocrx_word' id='word_1_70' title='bbox 1271 932 1296 961; x_wconf 88' lang='lat' dir='ltr'>a</span> <span class='ocrx_word' id='word_1_71' title='bbox 1340 932 1424 961; x_wconf 90' lang='lat' dir='ltr'>suo</span> <span class='ocrx_word' id='word_1_72' title='bbox 1471 931 1596 975; x_wconf 82' lang='lat' dir='ltr'>rege,</span> 
     </span>
     <span class='ocr_line' id='line_1_11' title="bbox 201 992 1596 1056; baseline -0.001 -18"><span class='ocrx_word' id='word_1_73' title='bbox 201 995 294 1039; x_wconf 84' lang='lat' dir='ltr'>imo</span> <span class='ocrx_word' id='word_1_74' title='bbox 316 1005 514 1056; x_wconf 63' lang='lat' dir='ltr'>tyranno</span> <span class='ocrx_word' id='word_1_75' title='bbox 529 995 865 1049; x_wconf 87' lang='lat' dir='ltr'>crudelissimo,</span> <span class='ocrx_word' id='word_1_76' title='bbox 884 994 1172 1056; x_wconf 83' lang='lat' dir='ltr'>iniquissime</span> <span class='ocrx_word' id='word_1_77' title='bbox 1193 992 1596 1056; x_wconf 80' lang='lat' dir='ltr'>perpetiebantur3</span> 
     </span>
     <span class='ocr_line' id='line_1_12' title="bbox 200 1069 1602 1132; baseline -0.001 -18"><span class='ocrx_word' id='word_1_78' title='bbox 200 1072 277 1132; x_wconf 92' lang='lat' dir='ltr'>qui</span> <span class='ocrx_word' id='word_1_79' title='bbox 304 1087 382 1116; x_wconf 86' lang='lat' dir='ltr'>eos</span> <span class='ocrx_word' id='word_1_80' title='bbox 412 1072 471 1116; x_wconf 88' lang='lat' dir='ltr'>ad</span> <span class='ocrx_word' id='word_1_81' title='bbox 505 1080 681 1116; x_wconf 81' lang='lat' dir='ltr'>tantam</span> <span class='ocrx_word' id='word_1_82' title='bbox 716 1071 950 1116; x_wconf 86' lang='lat' dir='ltr'>miseriam</span> <span class='ocrx_word' id='word_1_83' title='bbox 982 1071 1059 1115; x_wconf 86' lang='lat' dir='ltr'>tali</span> <span class='ocrx_word' id='word_1_84' title='bbox 1092 1086 1175 1115; x_wconf 87' lang='lat' dir='ltr'>sua</span> <span class='ocrx_word' id='word_1_85' title='bbox 1210 1069 1455 1131; x_wconf 70' lang='lat' dir='ltr'>tyrannide</span> <span class='ocrx_word' id='word_1_86' title='bbox 1488 1084 1602 1131; x_wconf 90' lang='lat' dir='ltr'>per—</span> 
     </span>
     <span class='ocr_line' id='line_1_13' title="bbox 200 1146 1600 1209; baseline -0.001 -19"><span class='ocrx_word' id='word_1_87' title='bbox 200 1146 421 1203; x_wconf 84' lang='lat' dir='ltr'>duxerat,</span> <span class='ocrx_word' id='word_1_88' title='bbox 466 1157 517 1192; x_wconf 89' lang='lat' dir='ltr'>ut</span> <span class='ocrx_word' id='word_1_89' title='bbox 563 1148 636 1193; x_wconf 64' lang='lat' dir='ltr'>vix</span> <span class='ocrx_word' id='word_1_90' title='bbox 685 1148 919 1192; x_wconf 87' lang='lat' dir='ltr'>numerari</span> <span class='ocrx_word' id='word_1_91' title='bbox 959 1146 1136 1209; x_wconf 78' lang='lat' dir='ltr'>possint</span> <span class='ocrx_word' id='word_1_92' title='bbox 1183 1146 1347 1208; x_wconf 87' lang='lat' dir='ltr'>populi</span> <span class='ocrx_word' id='word_1_93' title='bbox 1389 1162 1508 1206; x_wconf 88' lang='lat' dir='ltr'>quos</span> <span class='ocrx_word' id='word_1_94' title='bbox 1548 1162 1600 1190; x_wconf 78' lang='lat' dir='ltr'>ex</span> 
     </span>
     <span class='ocr_line' id='line_1_14' title="bbox 200 1222 1605 1286; baseline -0.001 -19"><span class='ocrx_word' id='word_1_95' title='bbox 200 1223 468 1285; x_wconf 81' lang='lat' dir='ltr'>hujusmodi</span> <span class='ocrx_word' id='word_1_96' title='bbox 493 1240 575 1270; x_wconf 85' lang='lat' dir='ltr'>sua</span> <span class='ocrx_word' id='word_1_97' title='bbox 601 1225 842 1286; x_wconf 84' lang='lat' dir='ltr'>iniquitate</span> <span class='ocrx_word' id='word_1_98' title='bbox 865 1223 1121 1285; x_wconf 79' lang='lat' dir='ltr'>profligarit</span> <span class='ocrx_word' id='word_1_99' title='bbox 1137 1225 1149 1247; x_wconf 80' lang='lat'>‘</span> <span class='ocrx_word' id='word_1_100' title='bbox 1172 1232 1215 1267; x_wconf 92' lang='lat' dir='ltr'>et</span> <span class='ocrx_word' id='word_1_101' title='bbox 1238 1222 1297 1268; x_wconf 88' lang='lat' dir='ltr'>ad</span> <span class='ocrx_word' id='word_1_102' title='bbox 1320 1231 1497 1267; x_wconf 80' lang='lat' dir='ltr'>exteras</span> <span class='ocrx_word' id='word_1_103' title='bbox 1528 1237 1605 1266; x_wconf 87' lang='lat' dir='ltr'>na-</span> 
     </span>
     <span class='ocr_line' id='line_1_15' title="bbox 200 1298 1604 1358; baseline -0.003 -14"><span class='ocrx_word' id='word_1_104' title='bbox 200 1301 371 1357; x_wconf 79' lang='lat' dir='ltr'>tiones,</span> <span class='ocrx_word' id='word_1_105' title='bbox 407 1302 546 1346; x_wconf 86' lang='lat' dir='ltr'>etiam</span> <span class='ocrx_word' id='word_1_106' title='bbox 578 1300 792 1357; x_wconf 78' lang='lat' dir='ltr'>hostiles,</span> <span class='ocrx_word' id='word_1_107' title='bbox 820 1309 871 1344; x_wconf 87' lang='lat' dir='ltr'>ut.</span> <span class='ocrx_word' id='word_1_108' title='bbox 903 1309 971 1344; x_wconf 82' lang='lat' dir='ltr'>est</span> <span class='ocrx_word' id='word_1_109' title='bbox 995 1314 1191 1358; x_wconf 79' lang='lat' dir='ltr'>regnum</span> <span class='ocrx_word' id='word_1_110' title='bbox 1217 1298 1411 1357; x_wconf 75' lang='lat' dir='ltr'>Angliae,</span> <span class='ocrx_word' id='word_1_111' title='bbox 1449 1298 1604 1357; x_wconf 82' lang='lat' dir='ltr'>sugere</span> 
     </span>
     <span class='ocr_line' id='line_1_16' title="bbox 200 1371 1603 1437; baseline -0.003 -18"><span class='ocrx_word' id='word_1_112' title='bbox 200 1378 428 1437; x_wconf 80' lang='lat' dir='ltr'>coegerit,</span> <span class='ocrx_word' id='word_1_113' title='bbox 464 1386 602 1437; x_wconf 86' lang='lat' dir='ltr'>atque</span> <span class='ocrx_word' id='word_1_114' title='bbox 638 1376 756 1421; x_wconf 88' lang='lat' dir='ltr'>same</span> <span class='ocrx_word' id='word_1_115' title='bbox 787 1384 831 1419; x_wconf 88' lang='lat' dir='ltr'>et</span> <span class='ocrx_word' id='word_1_116' title='bbox 863 1374 1059 1436; x_wconf 89' lang='lat' dir='ltr'>penuria</span> <span class='ocrx_word' id='word_1_117' title='bbox 1094 1374 1323 1434; x_wconf 79' lang='lat' dir='ltr'>variisque</span> <span class='ocrx_word' id='word_1_118' title='bbox 1356 1371 1466 1416; x_wconf 87' lang='lat' dir='ltr'>inde</span> <span class='ocrx_word' id='word_1_119' title='bbox 1489 1387 1603 1416; x_wconf 87' lang='lat' dir='ltr'>con-</span> 
     </span>
     <span class='ocr_line' id='line_1_17' title="bbox 201 1449 1605 1513; baseline -0.002 -17"><span class='ocrx_word' id='word_1_120' title='bbox 201 1453 353 1496; x_wconf 85' lang='lat' dir='ltr'>tractis</span> <span class='ocrx_word' id='word_1_121' title='bbox 384 1451 732 1513; x_wconf 72' lang='lat' dir='ltr'>aegritudinibus</span> <span class='ocrx_word' id='word_1_122' title='bbox 762 1449 960 1494; x_wconf 81' lang='lat' dir='ltr'>deficere</span> <span class='ocrx_word' id='word_1_123' title='bbox 986 1459 1031 1494; x_wconf 89' lang='lat' dir='ltr'>et</span> <span class='ocrx_word' id='word_1_124' title='bbox 1050 1451 1199 1512; x_wconf 88' lang='lat' dir='ltr'>perire</span> <span class='ocrx_word' id='word_1_125' title='bbox 1218 1484 1228 1503; x_wconf 93' lang='lat'>,</span> <span class='ocrx_word' id='word_1_126' title='bbox 1258 1449 1344 1493; x_wconf 91' lang='lat' dir='ltr'>illis</span> <span class='ocrx_word' id='word_1_127' title='bbox 1373 1449 1605 1512; x_wconf 61' lang='lat' dir='ltr'>praecipue</span> 
     </span>
     <span class='ocr_line' id='line_1_18' title="bbox 199 1525 1605 1588; baseline -0.003 -14"><span class='ocrx_word' id='word_1_128' title='bbox 199 1528 386 1574; x_wconf 85' lang='lat' dir='ltr'>duobus</span> <span class='ocrx_word' id='word_1_129' title='bbox 421 1529 556 1574; x_wconf 86' lang='lat' dir='ltr'>annis</span> <span class='ocrx_word' id='word_1_130' title='bbox 601 1538 707 1574; x_wconf 90' lang='lat' dir='ltr'>ante</span> <span class='ocrx_word' id='word_1_131' title='bbox 751 1527 934 1572; x_wconf 86' lang='lat' dir='ltr'>obitum</span> <span class='ocrx_word' id='word_1_132' title='bbox 970 1542 1132 1583; x_wconf 87' lang='lat' dir='ltr'>suum,</span> <span class='ocrx_word' id='word_1_133' title='bbox 1171 1525 1343 1588; x_wconf 87' lang='lat' dir='ltr'>quibus</span> <span class='ocrx_word' id='word_1_134' title='bbox 1385 1541 1605 1587; x_wconf 74' lang='lat' dir='ltr'>agrorum</span> 
     </span>
     <span class='ocr_line' id='line_1_19' title="bbox 199 1602 1600 1665; baseline -0.002 -16"><span class='ocrx_word' id='word_1_135' title='bbox 199 1605 434 1650; x_wconf 73' lang='lat' dir='ltr'>sterilitate</span> <span class='ocrx_word' id='word_1_136' title='bbox 462 1605 606 1650; x_wconf 84' lang='lat' dir='ltr'>fames</span> <span class='ocrx_word' id='word_1_137' title='bbox 636 1604 789 1650; x_wconf 76' lang='lat' dir='ltr'>valida</span> <span class='ocrx_word' id='word_1_138' title='bbox 812 1602 984 1649; x_wconf 88' lang='lat' dir='ltr'>Gallias</span> <span class='ocrx_word' id='word_1_139' title='bbox 1009 1618 1140 1665; x_wconf 62' lang='lat' dir='ltr'>paene</span> <span class='ocrx_word' id='word_1_140' title='bbox 1163 1604 1400 1648; x_wconf 82' lang='lat' dir='ltr'>universas</span> <span class='ocrx_word' id='word_1_141' title='bbox 1424 1602 1600 1647; x_wconf 80' lang='lat' dir='ltr'>afflixit.</span> 
     </span>
     <span class='ocr_line' id='line_1_20' title="bbox 201 1679 1605 1742; baseline -0.001 -17"><span class='ocrx_word' id='word_1_142' title='bbox 201 1683 314 1736; x_wconf 83' lang='lat' dir='ltr'>Quae</span> <span class='ocrx_word' id='word_1_143' title='bbox 334 1682 610 1726; x_wconf 85' lang='lat' dir='ltr'>miserorum</span> <span class='ocrx_word' id='word_1_144' title='bbox 631 1681 973 1742; x_wconf 80' lang='lat' dir='ltr'>regnicolarum</span> <span class='ocrx_word' id='word_1_145' title='bbox 998 1679 1179 1740; x_wconf 77' lang='lat' dir='ltr'>flagella</span> <span class='ocrx_word' id='word_1_146' title='bbox 1198 1690 1337 1741; x_wconf 84' lang='lat' dir='ltr'>atque</span> <span class='ocrx_word' id='word_1_147' title='bbox 1358 1680 1480 1725; x_wconf 85' lang='lat' dir='ltr'>mala</span> <span class='ocrx_word' id='word_1_148' title='bbox 1497 1696 1605 1725; x_wconf 81' lang='lat' dir='ltr'>eum</span> 
     </span>
     <span class='ocr_line' id='line_1_21' title="bbox 202 1756 1605 1819; baseline -0.001 -17"><span class='ocrx_word' id='word_1_149' title='bbox 202 1757 288 1802; x_wconf 89' lang='lat' dir='ltr'>sibi</span> <span class='ocrx_word' id='word_1_150' title='bbox 313 1758 592 1803; x_wconf 78' lang='lat' dir='ltr'>referrentur</span> <span class='ocrx_word' id='word_1_151' title='bbox 609 1795 619 1815; x_wconf 94' lang='lat'>,</span> <span class='ocrx_word' id='word_1_152' title='bbox 647 1768 697 1802; x_wconf 87' lang='lat' dir='ltr'>ut</span> <span class='ocrx_word' id='word_1_153' title='bbox 718 1758 923 1819; x_wconf 85' lang='lat' dir='ltr'>aliquam</span> <span class='ocrx_word' id='word_1_154' title='bbox 950 1756 1275 1818; x_wconf 77' lang='lat' dir='ltr'>impositaruin</span> <span class='ocrx_word' id='word_1_155' title='bbox 1305 1756 1605 1801; x_wconf 87' lang='lat' dir='ltr'>collectarum</span> 
     </span>
     <span class='ocr_line' id='line_1_22' title="bbox 204 1831 1606 1895; baseline -0.001 -18"><span class='ocrx_word' id='word_1_156' title='bbox 204 1834 468 1895; x_wconf 88' lang='lat' dir='ltr'>portionem</span> <span class='ocrx_word' id='word_1_157' title='bbox 503 1835 779 1890; x_wconf 82' lang='lat' dir='ltr'>remitteret,</span> <span class='ocrx_word' id='word_1_158' title='bbox 820 1848 905 1877; x_wconf 86' lang='lat' dir='ltr'>nec</span> <span class='ocrx_word' id='word_1_159' title='bbox 941 1848 1088 1876; x_wconf 85' lang='lat' dir='ltr'>unum</span> <span class='ocrx_word' id='word_1_160' title='bbox 1120 1831 1367 1877; x_wconf 82' lang='lat' dir='ltr'>denarium</span> <span class='ocrx_word' id='word_1_161' title='bbox 1402 1832 1606 1877; x_wconf 75' lang='lat' dir='ltr'>relaxan-</span> 
     </span>
     <span class='ocr_line' id='line_1_23' title="bbox 204 1908 487 1954; baseline 0 -1"><span class='ocrx_word' id='word_1_162' title='bbox 204 1908 318 1953; x_wconf 86' lang='lat' dir='ltr'>dum</span> <span class='ocrx_word' id='word_1_163' title='bbox 343 1909 487 1954; x_wconf 76' lang='lat' dir='ltr'>duxit.</span> 
     </span>
    </p>
   </div>
   <div class='ocr_carea' id='block_1_3' title="bbox 546 2093 1277 2258">
    <p class='ocr_par' dir='ltr' id='par_1_3' title="bbox 546 2093 1277 2258">
     <span class='ocr_line' id='line_1_24' title="bbox 658 2093 1147 2137; baseline 0.002 -2"><span class='ocrx_word' id='word_1_164' title='bbox 658 2093 994 2137; x_wconf 78' lang='lat' dir='ltr'><strong>CAPITULUM</strong></span> <span class='ocrx_word' id='word_1_165' title='bbox 1030 2095 1147 2137; x_wconf 82' lang='lat' dir='ltr'>XIV.</span> 
     </span>
     <span class='ocr_line' id='line_1_25' title="bbox 546 2212 1277 2258; baseline 0.003 -13"><span class='ocrx_word' id='word_1_166' title='bbox 546 2214 595 2245; x_wconf 88' lang='lat' dir='ltr'>De</span> <span class='ocrx_word' id='word_1_167' title='bbox 617 2212 821 2246; x_wconf 87' lang='lat' dir='ltr'>fortitudine</span> <span class='ocrx_word' id='word_1_168' title='bbox 843 2222 874 2247; x_wconf 86' lang='lat' dir='ltr'>et</span> <span class='ocrx_word' id='word_1_169' title='bbox 898 2214 1095 2246; x_wconf 65' lang='lat' dir='ltr'>strenuitate</span> <span class='ocrx_word' id='word_1_170' title='bbox 1111 2213 1277 2258; x_wconf 69' lang='lat' dir='ltr'>ejusdem.</span> 
     </span>
    </p>
   </div>
   <div class='ocr_carea' id='block_1_4' title="bbox 212 2321 1608 2536">
    <p class='ocr_par' dir='ltr' id='par_1_4' title="bbox 212 2321 1608 2536">
     <span class='ocr_line' id='line_1_26' title="bbox 271 2321 1608 2386; baseline 0.002 -21"><span class='ocrx_word' id='word_1_171' title='bbox 271 2324 339 2366; x_wconf 81' lang='lat' dir='ltr'>&#39;De</span> <span class='ocrx_word' id='word_1_172' title='bbox 373 2321 641 2367; x_wconf 81' lang='lat' dir='ltr'>fortitudine</span> <span class='ocrx_word' id='word_1_173' title='bbox 671 2339 781 2367; x_wconf 66' lang='lat' dir='ltr'>vero</span> <span class='ocrx_word' id='word_1_174' title='bbox 813 2322 943 2368; x_wconf 83' lang='lat' dir='ltr'>locus</span> <span class='ocrx_word' id='word_1_175' title='bbox 972 2325 1195 2386; x_wconf 79' lang='lat' dir='ltr'>exposcit,</span> <span class='ocrx_word' id='word_1_176' title='bbox 1228 2333 1274 2368; x_wconf 90' lang='lat' dir='ltr'>ut</span> <span class='ocrx_word' id='word_1_177' title='bbox 1297 2324 1433 2368; x_wconf 78' lang='lat' dir='ltr'>etiam</span> <span class='ocrx_word' id='word_1_178' title='bbox 1461 2324 1608 2385; x_wconf 70' lang='lat' dir='ltr'>qualis</span> 
     </span>
     <span class='ocr_line' id='line_1_27' title="bbox 212 2398 1606 2462; baseline 0.001 -21"><span class='ocrx_word' id='word_1_179' title='bbox 212 2398 256 2441; x_wconf 90' lang='lat' dir='ltr'>in</span> <span class='ocrx_word' id='word_1_180' title='bbox 294 2414 350 2442; x_wconf 93' lang='lat' dir='ltr'>eo</span> <span class='ocrx_word' id='word_1_181' title='bbox 381 2399 622 2457; x_wconf 86' lang='lat' dir='ltr'>enituerit,</span> <span class='ocrx_word' id='word_1_182' title='bbox 657 2399 974 2444; x_wconf 83' lang='lat' dir='ltr'>discutiamus.</span> <span class='ocrx_word' id='word_1_183' title='bbox 1013 2400 1152 2461; x_wconf 87' lang='lat' dir='ltr'>Cujus</span> <span class='ocrx_word' id='word_1_184' title='bbox 1187 2400 1397 2462; x_wconf 73' lang='lat' dir='ltr'>profecto</span> <span class='ocrx_word' id='word_1_185' title='bbox 1440 2402 1474 2445; x_wconf 85' lang='lat' dir='ltr'>si</span> <span class='ocrx_word' id='word_1_186' title='bbox 1515 2401 1606 2444; x_wconf 68' lang='lat' dir='ltr'>xiiii</span> 
     </span>
     <span class='ocr_line' id='line_1_28' title="bbox 213 2475 1606 2536; baseline 0.001 -19"><span class='ocrx_word' id='word_1_187' title='bbox 213 2482 517 2536; x_wconf 87' lang='lat' dir='ltr'>naturamque</span> <span class='ocrx_word' id='word_1_188' title='bbox 541 2475 907 2534; x_wconf 81' lang='lat' dir='ltr'>consideremus,</span> <span class='ocrx_word' id='word_1_189' title='bbox 934 2476 1049 2522; x_wconf 91' lang='lat' dir='ltr'>nihil</span> <span class='ocrx_word' id='word_1_190' title='bbox 1071 2476 1189 2521; x_wconf 88' lang='lat' dir='ltr'>illius</span> <span class='ocrx_word' id='word_1_191' title='bbox 1212 2477 1491 2522; x_wconf 62' lang='lat' dir='ltr'>excellentia*</span> <span class='ocrx_word' id='word_1_192' title='bbox 1518 2477 1606 2519; x_wconf 70' lang='lat' dir='ltr'>xir-</span> 
     </span>
    </p>
   </div>
   <div class='ocr_carea' id='block_1_5' title="bbox 266 2614 673 2723">
    <p class='ocr_par' dir='ltr' id='par_1_5' title="bbox 266 2614 673 2723">
     <span class='ocr_line' id='line_1_29' title="bbox 266 2614 552 2662; baseline 0.014 -15"><span class='ocrx_word' id='word_1_193' title='bbox 266 2615 301 2649; x_wconf 79' lang='lat'>1.</span> <span class='ocrx_word' id='word_1_194' title='bbox 330 2614 399 2651; x_wconf 86' lang='lat' dir='ltr'>Ms.</span> <span class='ocrx_word' id='word_1_195' title='bbox 418 2616 552 2662; x_wconf 78' lang='lat' dir='ltr'>quodq.</span> 
     </span>
     <span class='ocr_line' id='line_1_30' title="bbox 266 2674 673 2723; baseline 0.005 -15"><span class='ocrx_word' id='word_1_196' title='bbox 266 2674 303 2708; x_wconf 72' lang='lat'>2.</span> <span class='ocrx_word' id='word_1_197' title='bbox 336 2676 404 2709; x_wconf 66' lang='lat' dir='ltr'>MS.</span> <span class='ocrx_word' id='word_1_198' title='bbox 420 2676 673 2723; x_wconf 57' lang='grc' dir='ltr'>ρωΙῖίςαι-ἰηί.</span> 
     </span>
    </p>
   </div>
  </div>
 </body>
</html>
