1875 2956
704 194 844 228 LIBER
873 191 1071 228 SEXTUS.
1540 190 1586 225 33

194 282 404 325 Tornaco
422 280 641 325 exierant.
671 283 815 325 Porro
835 295 944 325 cum
978 292 1086 324 suos
1109 274 1388 334 Flamingos,
1411 275 1491 335 qui
1514 292 1589 336 pe-

195 355 310 400 dites
331 365 461 401 erant
474 356 649 418 majore
670 373 725 402 ex
740 366 896 420 parte,
922 371 978 400 ne
1001 367 1140 416 super
1162 366 1242 395 eos
1262 349 1588 410 hujuscemodi

193 433 353 477 Franci
375 433 551 494 equites
572 434 799 479 irruerent
813 469 824 491 ,
846 431 984 476 vellet
1000 438 1240 493 protegere
1258 442 1312 472 ac
1329 425 1586 483 defensare,

193 509 473 570 praemittens
493 527 571 556 eos
589 527 695 555 cum
713 507 867 571 przeda
884 522 1027 569 quam
1042 504 1261 560 fecerant,
1278 511 1385 566 post
1400 500 1590 547 eosdem

193 593 237 627 et
271 584 390 629 inter
423 602 502 631 eos
535 596 671 647 atque
699 587 901 629 Francos
939 582 1020 644 qui
1061 597 1170 626 eum
1205 576 1587 639 insequebantur,

192 674 298 703 cum
320 660 480 721 paucis
502 657 734 720 equitibus
753 673 872 719 quos
887 653 1111 713 hahebat,
1131 669 1177 698 se
1195 650 1450 697 constituit.
1472 652 1589 694 Cum

190 749 301 779 vero
338 734 611 780 eorumdem
651 737 937 779 Francorum
978 729 1324 792 insequentium
1363 727 1591 789 impetum

191 809 400 872 frangere
425 820 729 874 pertentaret,
757 826 896 872 seque
920 819 1094 855 temere
1121 805 1321 851 nimium
1341 820 1450 849 cum
1475 818 1590 867 pau-

191 888 254 932 cis
278 888 324 932 in
349 887 495 932 multo
526 888 750 949 majorem
774 887 982 932 hostium
1017 899 1268 930 numerum
1297 881 1588 938 immisisset,

190 962 249 1008 ab
275 964 338 1007 eis
361 963 533 1008 lanceis
553 973 597 1008 et
619 963 770 1008 contis
791 962 1052 1020 confossus,
1077 968 1346 1024 peremptus
1373 967 1440 1003 est
1463 959 1490 1001 ¹.

253 1042 359 1095 Quo
371 1049 563 1101 accepto
587 1041 771 1098 nuntio,
794 1039 1020 1100 Flamingi
1039 1075 1050 1096 ,
1079 1038 1159 1099 qui
1182 1035 1427 1099 paululum
1450 1032 1510 1079 ab
1534 1049 1590 1078 eo

189 1116 293 1160 loco
328 1114 548 1173 aberant,
574 1116 774 1160 exterriti
804 1125 847 1160 et
881 1113 1127 1178 pavefacti,
1168 1128 1252 1176 per
1284 1110 1439 1171 fugam
1477 1126 1591 1154 con-

189 1191 436 1236 sulendum
473 1191 558 1237 sibi
601 1192 959 1237 aestimaverunt.
1002 1193 1156 1246 Quam
1195 1188 1497 1250 accipientes,
1542 1195 1590 1231 ut

188 1269 352 1314 melius
385 1269 581 1331 quisque
613 1278 817 1331 poterat,
852 1283 966 1324 sese,
998 1267 1167 1312 amisso
1203 1265 1340 1319 duce,
1367 1264 1416 1308 in
1438 1263 1589 1307 vicina

189 1345 363 1408 oppida
384 1356 689 1408 receperunt3
724 1346 1004 1406 fueruntque
1027 1343 1086 1388 de
1108 1342 1218 1405 ipsis
1241 1339 1459 1386 nonnulli
1482 1355 1590 1402 per-

187 1423 355 1484 empti,
379 1422 593 1466 nonnulli
617 1422 741 1483 capti
759 1431 803 1465 et
826 1423 1089 1465 Tornacum
1107 1417 1315 1464 adducti.

249 1497 469 1558 Sequenti
491 1506 647 1541 autem
664 1496 778 1552 die2,
807 1513 914 1541 cum
938 1495 1081 1541 iidem
1105 1494 1270 1540 Franci
1293 1494 1351 1539 de
1374 1496 1587 1538 Tornaco

185 1573 396 1618 exiissent
418 1582 463 1618 et
483 1573 543 1619 ad
562 1573 792 1636 oppidum
812 1576 1115 1619 Corteracum
1143 1571 1489 1634 pervenissent,
1507 1571 1588 1615 'in-

184 1661 411 1696 venerunt
431 1661 558 1696 extra
580 1651 810 1714 oppidum
825 1667 1018 1712 magnas
1037 1650 1197 1713 copias
1217 1649 1584 1710 Flamingorum‚

186 1728 341 1773 multis
372 1727 586 1773 curribus
629 1738 673 1773 et
716 1728 945 1773 machinis
984 1726 1164 1774 bellicis
1200 1725 1495 1771 vallatorum.
1535 1728 1586 1770 In

185 1821 304 1867 quos
342 1822 449 1850 cum
474 1806 727 1863 irruissent,
768 1806 944 1851 nullam
983 1804 1291 1850 resistentiam
1325 1820 1412 1849 nec
1435 1803 1588 1849 defen·

184 1882 387 1937 sionem,
421 1882 506 1927 nisi
533 1881 679 1927 solam
719 1881 898 1943 fugam,
933 1881 1076 1926 iidem
1100 1880 1326 1941 Flamingi
1350 1896 1587 1942 opposue-

184 1968 307 2003 runt.
338 1960 496 2020 Itaque
530 1958 587 2004 de
614 1959 723 2021 ipsis
757 1959 971 2004 nonnulli
1004 1957 1259 2021 perempti,
1286 1956 1442 2019 plures
1475 1973 1585 2002 vero

185 2036 305 2097 capti
345 2038 609 2080 Tornacum
647 2035 835 2080 abducti
868 2044 996 2093 sunt,
1040 2035 1103 2079 ita
1142 2043 1191 2078 ut
1232 2033 1455 2094 gregatim
1477 2043 1585 2078 ante

185 2112 360 2174 equites
382 2115 686 2171 Francorum,
703 2112 846 2158 veluti
869 2112 1028 2157 ovium
1049 2111 1121 2156 vel
1142 2119 1464 2156 armentorum
1486 2126 1586 2170 gre-

185 2203 282 2248 ges,
308 2198 552 2249 agerentur
579 2198 718 2251 atque
749 2189 1055 2234 minarentur.
1084 2186 1226 2243 Quod
1266 2186 1583 2249 spectaculum

237 2354 273 2388 1.
306 2351 445 2388 Afsaire
480 2351 530 2388 du
573 2361 665 2402 pont
702 2352 748 2388 de
783 2352 898 2395 Chin,
938 2352 1024 2401 pres
1065 2351 1111 2387 de
1142 2352 1334 2399 Toummy,
1364 2350 1398 2386 16
1430 2351 1478 2386 28
1502 2350 1582 2396 juin

186 2414 300 2449 1477.
330 2413 442 2449 L'Art
470 2413 516 2449 de
542 2413 692 2450 verifier
716 2413 769 2450 les
800 2413 903 2449 dates
934 2421 1009 2449 met
1040 2414 1058 2448 Ξι
1093 2419 1167 2448 tort
1196 2419 1255 2447 cet
1282 2411 1507 2447 evenement
1537 2424 1583 2446 au

186 2474 235 2508 22
265 2472 359 2519 juin.
383 2476 483 2510 Nous
506 2474 722 2524 corrigeons
742 2475 889 2525 d'aprcs
908 2477 960 2512 M.
986 2476 1207 2518 Louandre,
1232 2475 1416 2508 thllecirzs
1438 2474 1501 2507 des
1521 2486 1585 2506 ara

187 2537 281 2568 me'es
305 2536 350 2569 de
377 2538 483 2570 Leuis
503 2539 564 2571 XI
581 2540 731 2584 envoye's
754 2538 778 2572 ὰ
798 2536 1005 2581 Abbeville‚
1031 2549 1068 2585 p.
1096 2536 1160 2571 ⁶2⁶2.

240 2597 277 2631 2.
309 2598 359 2631 Le
381 2596 655 2633 surlendemain
677 2600 724 2634 30
740 2598 821 2643 juin
838 2627 846 2643 ,
873 2612 919 2634 au
942 2606 1033 2647 pont
1054 2595 1283 2645 d‘Espierres
1303 2594 1439 2630 devant
1460 2597 1582 2630 Tour-

191 2670 275 2704 nay,
296 2665 331 2691 et
350 2670 425 2692 non
446 2657 582 2693 (levant
602 2660 771 2695 Courtrai
785 2688 794 2703 ,
816 2672 962 2697 comme
982 2659 1016 2694 le
1036 2658 1088 2693 dit
1118 2658 1290 2693 l'auteur.

323 2731 351 2753 ιι
1378 2720 1398 2753 3
