<?xml version="1.0" encoding="UTF-8"?>
<!DOCTYPE html PUBLIC "-//W3C//DTD XHTML 1.0 Transitional//EN"
    "http://www.w3.org/TR/xhtml1/DTD/xhtml1-transitional.dtd">
<html xmlns="http://www.w3.org/1999/xhtml" xml:lang="en" lang="en">
 <head>
  <title>
</title>
<meta http-equiv="Content-Type" content="text/html;charset=utf-8" />
  <meta name='ocr-system' content='tesseract 3.04.00' />
  <meta name='ocr-capabilities' content='ocr_page ocr_carea ocr_par ocr_line ocrx_word'/>
</head>
<body>
  <div class='ocr_page' id='page_1' title='image "./histoiredesrgn03basi_0060.png"; bbox 0 0 1875 2956; ppageno 0'>
   <div class='ocr_carea' id='block_1_1' title="bbox 221 232 1255 273">
    <p class='ocr_par' dir='ltr' id='par_1_1' title="bbox 221 232 1255 273">
     <span class='ocr_line' id='line_1_1' title="bbox 221 232 1255 273; baseline -0.006 0"><span class='ocrx_word' id='word_1_1' title='bbox 221 238 242 273; x_wconf 81' lang='lat'>8</span> <span class='ocrx_word' id='word_1_2' title='bbox 579 233 910 270; x_wconf 83' lang='lat' dir='ltr'>HISTORIARUM</span> <span class='ocrx_word' id='word_1_3' title='bbox 940 232 1172 268; x_wconf 85' lang='lat' dir='ltr'>LUDOVICI</span> <span class='ocrx_word' id='word_1_4' title='bbox 1200 233 1255 267; x_wconf 84' lang='lat' dir='ltr'>XI</span> 
     </span>
    </p>
   </div>
   <div class='ocr_carea' id='block_1_2' title="bbox 162 316 1661 1761">
    <p class='ocr_par' dir='ltr' id='par_1_2' title="bbox 162 316 1661 1069">
     <span class='ocr_line' id='line_1_2' title="bbox 221 316 1611 385; baseline -0.007 -14"><span class='ocrx_word' id='word_1_5' title='bbox 221 341 329 371; x_wconf 89' lang='lat' dir='ltr'>cum</span> <span class='ocrx_word' id='word_1_6' title='bbox 365 323 495 369; x_wconf 89' lang='lat' dir='ltr'>omni</span> <span class='ocrx_word' id='word_1_7' title='bbox 514 319 845 385; x_wconf 90' lang='lat' dir='ltr'>superioritatis</span> <span class='ocrx_word' id='word_1_8' title='bbox 866 318 968 379; x_wconf 86' lang='lat' dir='ltr'>jure</span> <span class='ocrx_word' id='word_1_9' title='bbox 984 354 995 376; x_wconf 88' lang='lat'><strong><em>‚</em></strong></span> <span class='ocrx_word' id='word_1_10' title='bbox 1016 317 1359 379; x_wconf 85' lang='lat' dir='ltr'>exemptionem</span> <span class='ocrx_word' id='word_1_11' title='bbox 1383 316 1611 374; x_wconf 88' lang='lat' dir='ltr'>validam,</span> 
     </span>
     <span class='ocr_line' id='line_1_3' title="bbox 222 391 1661 464; baseline -0.006 -18"><span class='ocrx_word' id='word_1_12' title='bbox 222 410 316 446; x_wconf 89' lang='lat' dir='ltr'>tam</span> <span class='ocrx_word' id='word_1_13' title='bbox 335 416 420 464; x_wconf 89' lang='lat' dir='ltr'>pro</span> <span class='ocrx_word' id='word_1_14' title='bbox 457 416 532 456; x_wconf 83' lang='lat' dir='ltr'>se,</span> <span class='ocrx_word' id='word_1_15' title='bbox 560 412 702 459; x_wconf 84' lang='lat' dir='ltr'>quam</span> <span class='ocrx_word' id='word_1_16' title='bbox 742 410 829 457; x_wconf 94' lang='lat' dir='ltr'>pro</span> <span class='ocrx_word' id='word_1_17' title='bbox 869 395 962 438; x_wconf 88' lang='lat' dir='ltr'>suis</span> <span class='ocrx_word' id='word_1_18' title='bbox 999 391 1260 438; x_wconf 68' lang='lat' dir='ltr'>ha‘redibus</span> <span class='ocrx_word' id='word_1_19' title='bbox 1295 403 1340 438; x_wconf 93' lang='lat' dir='ltr'>et</span> <span class='ocrx_word' id='word_1_20' title='bbox 1383 409 1616 438; x_wconf 87' lang='lat' dir='ltr'>successo·</span> <span class='ocrx_word' id='word_1_21' title='bbox 1659 395 1661 397; x_wconf 77' lang='grc'><strong>’</strong></span> 
     </span>
     <span class='ocr_line' id='line_1_4' title="bbox 221 468 1619 535; baseline -0.006 -13"><span class='ocrx_word' id='word_1_22' title='bbox 221 476 372 535; x_wconf 79' lang='lat' dir='ltr'>ribus,</span> <span class='ocrx_word' id='word_1_23' title='bbox 413 491 548 521; x_wconf 87' lang='lat' dir='ltr'>suum</span> <span class='ocrx_word' id='word_1_24' title='bbox 581 472 840 533; x_wconf 78' lang='lat' dir='ltr'>genitorem</span> <span class='ocrx_word' id='word_1_25' title='bbox 878 470 1107 533; x_wconf 60' lang='lat' dir='ltr'>quaesiisse</span> <span class='ocrx_word' id='word_1_26' title='bbox 1134 479 1271 531; x_wconf 88' lang='lat' dir='ltr'>atque</span> <span class='ocrx_word' id='word_1_27' title='bbox 1310 468 1528 514; x_wconf 86' lang='lat' dir='ltr'>habuisse</span> <span class='ocrx_word' id='word_1_28' title='bbox 1552 468 1619 513; x_wconf 93' lang='lat' dir='ltr'>di-</span> 
     </span>
     <span class='ocr_line' id='line_1_5' title="bbox 222 543 1618 607; baseline -0.006 -8"><span class='ocrx_word' id='word_1_29' title='bbox 222 553 418 607; x_wconf 88' lang='lat' dir='ltr'>cebant;</span> <span class='ocrx_word' id='word_1_30' title='bbox 465 550 545 595; x_wconf 88' lang='lat' dir='ltr'>sed</span> <span class='ocrx_word' id='word_1_31' title='bbox 593 548 662 592; x_wconf 73' lang='lat' dir='ltr'>liis</span> <span class='ocrx_word' id='word_1_32' title='bbox 696 547 889 591; x_wconf 88' lang='lat' dir='ltr'>minime</span> <span class='ocrx_word' id='word_1_33' title='bbox 929 546 1113 591; x_wconf 86' lang='lat' dir='ltr'>attentis</span> <span class='ocrx_word' id='word_1_34' title='bbox 1131 582 1142 603; x_wconf 86' lang='lat'><strong><em>‚</em></strong></span> <span class='ocrx_word' id='word_1_35' title='bbox 1188 543 1419 590; x_wconf 88' lang='lat' dir='ltr'>desiderio</span> <span class='ocrx_word' id='word_1_36' title='bbox 1465 545 1618 590; x_wconf 91' lang='lat' dir='ltr'>conci-</span> 
     </span>
     <span class='ocr_line' id='line_1_6' title="bbox 221 621 1619 690; baseline -0.006 -15"><span class='ocrx_word' id='word_1_37' title='bbox 221 629 387 676; x_wconf 55' lang='lat' dir='ltr'>lianda*</span> <span class='ocrx_word' id='word_1_38' title='bbox 412 627 539 690; x_wconf 81' lang='lat' dir='ltr'>pacis</span> <span class='ocrx_word' id='word_1_39' title='bbox 563 634 607 670; x_wconf 89' lang='lat' dir='ltr'>et</span> <span class='ocrx_word' id='word_1_40' title='bbox 645 624 855 670; x_wconf 59' lang='lat' dir='ltr'>amicitia*</span> <span class='ocrx_word' id='word_1_41' title='bbox 899 621 1194 684; x_wconf 83' lang='lat' dir='ltr'>acquirendae</span> <span class='ocrx_word' id='word_1_42' title='bbox 1215 631 1260 667; x_wconf 89' lang='lat' dir='ltr'>et</span> <span class='ocrx_word' id='word_1_43' title='bbox 1292 621 1619 667; x_wconf 66' lang='lat' dir='ltr'>conservandae</span> 
     </span>
     <span class='ocr_line' id='line_1_7' title="bbox 223 696 1620 763; baseline -0.006 -13"><span class='ocrx_word' id='word_1_44' title='bbox 223 722 330 751; x_wconf 90' lang='lat' dir='ltr'>cum</span> <span class='ocrx_word' id='word_1_45' title='bbox 364 703 488 763; x_wconf 80' lang='lat' dir='ltr'>regia</span> <span class='ocrx_word' id='word_1_46' title='bbox 520 701 784 763; x_wconf 87' lang='lat' dir='ltr'>majestate,</span> <span class='ocrx_word' id='word_1_47' title='bbox 812 698 995 744; x_wconf 87' lang='lat' dir='ltr'>cederet</span> <span class='ocrx_word' id='word_1_48' title='bbox 1018 697 1183 744; x_wconf 89' lang='lat' dir='ltr'>eadem</span> <span class='ocrx_word' id='word_1_49' title='bbox 1206 696 1481 760; x_wconf 85' lang='lat' dir='ltr'>principissa</span> <span class='ocrx_word' id='word_1_50' title='bbox 1520 713 1620 742; x_wconf 93' lang='lat' dir='ltr'>om·</span> 
     </span>
     <span class='ocr_line' id='line_1_8' title="bbox 224 772 1622 841; baseline -0.006 -14"><span class='ocrx_word' id='word_1_51' title='bbox 224 781 360 827; x_wconf 85' lang='lat' dir='ltr'>nibus</span> <span class='ocrx_word' id='word_1_52' title='bbox 379 778 564 841; x_wconf 88' lang='lat' dir='ltr'>juribus</span> <span class='ocrx_word' id='word_1_53' title='bbox 586 793 688 839; x_wconf 77' lang='lat' dir='ltr'>quae</span> <span class='ocrx_word' id='word_1_54' title='bbox 712 793 795 839; x_wconf 92' lang='lat' dir='ltr'>per</span> <span class='ocrx_word' id='word_1_55' title='bbox 819 784 1039 821; x_wconf 83' lang='lat' dir='ltr'>tractatus</span> <span class='ocrx_word' id='word_1_56' title='bbox 1061 774 1304 838; x_wconf 71' lang='lat' dir='ltr'>praedictos</span> <span class='ocrx_word' id='word_1_57' title='bbox 1328 772 1415 818; x_wconf 90' lang='lat' dir='ltr'>sibi</span> <span class='ocrx_word' id='word_1_58' title='bbox 1435 774 1622 836; x_wconf 76' lang='lat' dir='ltr'>quaesita</span> 
     </span>
     <span class='ocr_line' id='line_1_9' title="bbox 224 849 1623 921; baseline -0.006 -18"><span class='ocrx_word' id='word_1_59' title='bbox 224 856 508 921; x_wconf 61' lang='lat' dir='ltr'>pra‘tendere</span> <span class='ocrx_word' id='word_1_60' title='bbox 534 864 708 918; x_wconf 76' lang='lat' dir='ltr'>posset,</span> <span class='ocrx_word' id='word_1_61' title='bbox 726 863 772 899; x_wconf 85' lang='lat' dir='ltr'>et</span> <span class='ocrx_word' id='word_1_62' title='bbox 789 870 891 915; x_wconf 76' lang='lat' dir='ltr'>quae</span> <span class='ocrx_word' id='word_1_63' title='bbox 910 853 1066 898; x_wconf 89' lang='lat' dir='ltr'>adhuc</span> <span class='ocrx_word' id='word_1_64' title='bbox 1091 851 1148 897; x_wconf 92' lang='lat' dir='ltr'>de</span> <span class='ocrx_word' id='word_1_65' title='bbox 1164 851 1238 896; x_wconf 88' lang='lat' dir='ltr'>his</span> <span class='ocrx_word' id='word_1_66' title='bbox 1259 849 1318 896; x_wconf 92' lang='lat' dir='ltr'>ad</span> <span class='ocrx_word' id='word_1_67' title='bbox 1339 850 1413 912; x_wconf 90' lang='lat' dir='ltr'>jus</span> <span class='ocrx_word' id='word_1_68' title='bbox 1438 865 1623 895; x_wconf 85' lang='lat' dir='ltr'>coronae</span> 
     </span>
     <span class='ocr_line' id='line_1_10' title="bbox 162 925 1626 998; baseline -0.005 -19"><span class='ocrx_word' id='word_1_69' title='bbox 162 981 166 986; x_wconf 68' lang='grc'>,</span> <span class='ocrx_word' id='word_1_70' title='bbox 222 934 542 998; x_wconf 82' lang='lat' dir='ltr'>pertinuerant</span> <span class='ocrx_word' id='word_1_71' title='bbox 558 941 604 976; x_wconf 87' lang='lat' dir='ltr'>et</span> <span class='ocrx_word' id='word_1_72' title='bbox 629 931 722 976; x_wconf 88' lang='lat' dir='ltr'>suis</span> <span class='ocrx_word' id='word_1_73' title='bbox 741 929 948 976; x_wconf 81' lang='lat' dir='ltr'>habebat</span> <span class='ocrx_word' id='word_1_74' title='bbox 966 928 1199 987; x_wconf 83' lang='lat' dir='ltr'>manibus,</span> <span class='ocrx_word' id='word_1_75' title='bbox 1222 927 1317 988; x_wconf 85' lang='lat' dir='ltr'>regi</span> <span class='ocrx_word' id='word_1_76' title='bbox 1331 925 1626 972; x_wconf 84' lang='lat' dir='ltr'>contraderet</span> 
     </span>
     <span class='ocr_line' id='line_1_11' title="bbox 225 1006 685 1069; baseline -0.011 -16"><span class='ocrx_word' id='word_1_77' title='bbox 225 1018 363 1069; x_wconf 90' lang='lat' dir='ltr'>atque</span> <span class='ocrx_word' id='word_1_78' title='bbox 387 1006 685 1051; x_wconf 85' lang='lat' dir='ltr'>restitueret¹.</span> 
     </span>
    </p>

    <p class='ocr_par' dir='ltr' id='par_1_3' title="bbox 226 1078 1631 1761">
     <span class='ocr_line' id='line_1_12' title="bbox 289 1078 1622 1141; baseline -0.005 -12"><span class='ocrx_word' id='word_1_79' title='bbox 289 1083 533 1130; x_wconf 80' lang='lat' dir='ltr'>Habebam</span> <span class='ocrx_word' id='word_1_80' title='bbox 550 1091 706 1127; x_wconf 89' lang='lat' dir='ltr'>autem</span> <span class='ocrx_word' id='word_1_81' title='bbox 718 1090 763 1125; x_wconf 92' lang='lat' dir='ltr'>et</span> <span class='ocrx_word' id='word_1_82' title='bbox 776 1080 917 1126; x_wconf 92' lang='lat' dir='ltr'>iidem</span> <span class='ocrx_word' id='word_1_83' title='bbox 929 1089 1152 1136; x_wconf 84' lang='lat' dir='ltr'>oratores,</span> <span class='ocrx_word' id='word_1_84' title='bbox 1167 1079 1237 1123; x_wconf 91' lang='lat' dir='ltr'>vel</span> <span class='ocrx_word' id='word_1_85' title='bbox 1253 1094 1306 1123; x_wconf 87' lang='lat' dir='ltr'>ex</span> <span class='ocrx_word' id='word_1_86' title='bbox 1320 1078 1429 1141; x_wconf 88' lang='lat' dir='ltr'>ipsis</span> <span class='ocrx_word' id='word_1_87' title='bbox 1443 1078 1622 1139; x_wconf 82' lang='lat' dir='ltr'>aliqui’,</span> 
     </span>
     <span class='ocr_line' id='line_1_13' title="bbox 226 1153 1627 1224; baseline -0.006 -17"><span class='ocrx_word' id='word_1_88' title='bbox 226 1161 285 1208; x_wconf 90' lang='lat' dir='ltr'>ab</span> <span class='ocrx_word' id='word_1_89' title='bbox 312 1162 410 1224; x_wconf 87' lang='lat' dir='ltr'>ipsa</span> <span class='ocrx_word' id='word_1_90' title='bbox 431 1158 704 1223; x_wconf 86' lang='lat' dir='ltr'>principissa</span> <span class='ocrx_word' id='word_1_91' title='bbox 729 1173 812 1202; x_wconf 87' lang='lat' dir='ltr'>sua</span> <span class='ocrx_word' id='word_1_92' title='bbox 833 1156 1108 1202; x_wconf 88' lang='lat' dir='ltr'>mandatum</span> <span class='ocrx_word' id='word_1_93' title='bbox 1128 1155 1309 1200; x_wconf 86' lang='lat' dir='ltr'>tradere</span> <span class='ocrx_word' id='word_1_94' title='bbox 1335 1155 1431 1216; x_wconf 84' lang='lat' dir='ltr'>regi</span> <span class='ocrx_word' id='word_1_95' title='bbox 1447 1153 1627 1199; x_wconf 84' lang='lat' dir='ltr'>Atreba-</span> 
     </span>
     <span class='ocr_line' id='line_1_14' title="bbox 228 1231 1627 1296; baseline -0.005 -13"><span class='ocrx_word' id='word_1_96' title='bbox 228 1248 325 1283; x_wconf 88' lang='lat' dir='ltr'>tum</span> <span class='ocrx_word' id='word_1_97' title='bbox 344 1237 579 1282; x_wconf 82' lang='lat' dir='ltr'>civitatem</span> <span class='ocrx_word' id='word_1_98' title='bbox 595 1271 606 1292; x_wconf 87' lang='lat'>‚</span> <span class='ocrx_word' id='word_1_99' title='bbox 634 1235 680 1279; x_wconf 91' lang='lat' dir='ltr'>in</span> <span class='ocrx_word' id='word_1_100' title='bbox 698 1250 791 1296; x_wconf 89' lang='lat' dir='ltr'>qua</span> <span class='ocrx_word' id='word_1_101' title='bbox 811 1243 877 1278; x_wconf 88' lang='lat' dir='ltr'>est</span> <span class='ocrx_word' id='word_1_102' title='bbox 895 1232 1089 1278; x_wconf 88' lang='lat' dir='ltr'>ecclesia</span> <span class='ocrx_word' id='word_1_103' title='bbox 1108 1231 1408 1296; x_wconf 78' lang='lat' dir='ltr'>episcopalis³</span> <span class='ocrx_word' id='word_1_104' title='bbox 1427 1249 1438 1285; x_wconf 81' lang='lat'>3</span> <span class='ocrx_word' id='word_1_105' title='bbox 1466 1240 1513 1276; x_wconf 86' lang='lat' dir='ltr'>et</span> <span class='ocrx_word' id='word_1_106' title='bbox 1523 1247 1627 1276; x_wconf 88' lang='lat' dir='ltr'>eam</span> 
     </span>
     <span class='ocr_line' id='line_1_15' title="bbox 229 1306 1628 1372; baseline -0.006 -12"><span class='ocrx_word' id='word_1_107' title='bbox 229 1315 286 1360; x_wconf 86' lang='lat' dir='ltr'>de</span> <span class='ocrx_word' id='word_1_108' title='bbox 314 1315 433 1360; x_wconf 83' lang='lat' dir='ltr'>facto</span> <span class='ocrx_word' id='word_1_109' title='bbox 460 1311 778 1369; x_wconf 81' lang='lat' dir='ltr'>tradiderunt,</span> <span class='ocrx_word' id='word_1_110' title='bbox 810 1309 896 1355; x_wconf 89' lang='lat' dir='ltr'>sub</span> <span class='ocrx_word' id='word_1_111' title='bbox 920 1326 1001 1372; x_wconf 85' lang='lat' dir='ltr'>spe</span> <span class='ocrx_word' id='word_1_112' title='bbox 1022 1309 1151 1371; x_wconf 88' lang='lat' dir='ltr'>quod</span> <span class='ocrx_word' id='word_1_113' title='bbox 1171 1325 1249 1354; x_wconf 86' lang='lat' dir='ltr'>rex</span> <span class='ocrx_word' id='word_1_114' title='bbox 1265 1342 1277 1363; x_wconf 90' lang='lat'>‚</span> <span class='ocrx_word' id='word_1_115' title='bbox 1313 1324 1401 1371; x_wconf 93' lang='lat' dir='ltr'>pro</span> <span class='ocrx_word' id='word_1_116' title='bbox 1421 1306 1494 1352; x_wconf 87' lang='lat' dir='ltr'>his</span> <span class='ocrx_word' id='word_1_117' title='bbox 1527 1323 1628 1370; x_wconf 82' lang='lat' dir='ltr'>quae</span> 
     </span>
     <span class='ocr_line' id='line_1_16' title="bbox 231 1384 1629 1449; baseline -0.006 -12"><span class='ocrx_word' id='word_1_118' title='bbox 231 1391 317 1437; x_wconf 88' lang='lat' dir='ltr'>sibi</span> <span class='ocrx_word' id='word_1_119' title='bbox 338 1391 495 1436; x_wconf 90' lang='lat' dir='ltr'>oblata</span> <span class='ocrx_word' id='word_1_120' title='bbox 519 1389 702 1435; x_wconf 82' lang='lat' dir='ltr'>fuerant</span> <span class='ocrx_word' id='word_1_121' title='bbox 722 1389 843 1449; x_wconf 72' lang='lat' dir='ltr'>(quae</span> <span class='ocrx_word' id='word_1_122' title='bbox 864 1402 1032 1448; x_wconf 86' lang='lat' dir='ltr'>magna</span> <span class='ocrx_word' id='word_1_123' title='bbox 1057 1386 1268 1449; x_wconf 85' lang='lat' dir='ltr'>profecto</span> <span class='ocrx_word' id='word_1_124' title='bbox 1286 1394 1436 1443; x_wconf 88' lang='lat' dir='ltr'>erant,</span> <span class='ocrx_word' id='word_1_125' title='bbox 1454 1394 1500 1429; x_wconf 90' lang='lat' dir='ltr'>et</span> <span class='ocrx_word' id='word_1_126' title='bbox 1521 1384 1629 1429; x_wconf 86' lang='lat' dir='ltr'>talia</span> 
     </span>
     <span class='ocr_line' id='line_1_17' title="bbox 230 1460 1625 1525; baseline -0.007 -11"><span class='ocrx_word' id='word_1_127' title='bbox 230 1485 327 1514; x_wconf 89' lang='lat' dir='ltr'>esse</span> <span class='ocrx_word' id='word_1_128' title='bbox 339 1466 637 1524; x_wconf 78' lang='lat' dir='ltr'>videbantur,</span> <span class='ocrx_word' id='word_1_129' title='bbox 649 1464 707 1510; x_wconf 90' lang='lat' dir='ltr'>de</span> <span class='ocrx_word' id='word_1_130' title='bbox 722 1463 892 1525; x_wconf 88' lang='lat' dir='ltr'>quibus</span> <span class='ocrx_word' id='word_1_131' title='bbox 905 1462 1070 1507; x_wconf 89' lang='lat' dir='ltr'>merito</span> <span class='ocrx_word' id='word_1_132' title='bbox 1082 1461 1339 1507; x_wconf 87' lang='lat' dir='ltr'>contentari</span> <span class='ocrx_word' id='word_1_133' title='bbox 1353 1460 1625 1521; x_wconf 84' lang='lat' dir='ltr'>debuisset),</span> 
     </span>
     <span class='ocr_line' id='line_1_18' title="bbox 232 1537 1631 1608; baseline -0.006 -18"><span class='ocrx_word' id='word_1_134' title='bbox 232 1545 358 1608; x_wconf 88' lang='lat' dir='ltr'>pacis</span> <span class='ocrx_word' id='word_1_135' title='bbox 406 1542 727 1589; x_wconf 82' lang='lat' dir='ltr'>conditionem</span> <span class='ocrx_word' id='word_1_136' title='bbox 768 1540 1136 1604; x_wconf 83' lang='lat' dir='ltr'>amplecteretur.</span> <span class='ocrx_word' id='word_1_137' title='bbox 1179 1537 1270 1583; x_wconf 89' lang='lat' dir='ltr'>Sed</span> <span class='ocrx_word' id='word_1_138' title='bbox 1307 1538 1403 1600; x_wconf 89' lang='lat' dir='ltr'>ipse</span> <span class='ocrx_word' id='word_1_139' title='bbox 1439 1546 1631 1600; x_wconf 89' lang='lat' dir='ltr'>propter</span> 
     </span>
     <span class='ocr_line' id='line_1_19' title="bbox 233 1612 1630 1680; baseline -0.006 -14"><span class='ocrx_word' id='word_1_140' title='bbox 233 1620 493 1666; x_wconf 89' lang='lat' dir='ltr'>oblationes</span> <span class='ocrx_word' id='word_1_141' title='bbox 522 1618 609 1663; x_wconf 89' lang='lat' dir='ltr'>sibi</span> <span class='ocrx_word' id='word_1_142' title='bbox 637 1618 792 1671; x_wconf 83' lang='lat' dir='ltr'>saetas,</span> <span class='ocrx_word' id='word_1_143' title='bbox 815 1632 978 1680; x_wconf 74' lang='lat' dir='ltr'>paceni</span> <span class='ocrx_word' id='word_1_144' title='bbox 1002 1615 1211 1677; x_wconf 88' lang='lat' dir='ltr'>polliceri</span> <span class='ocrx_word' id='word_1_145' title='bbox 1238 1630 1335 1658; x_wconf 90' lang='lat' dir='ltr'>non</span> <span class='ocrx_word' id='word_1_146' title='bbox 1357 1613 1522 1672; x_wconf 80' lang='lat' dir='ltr'>voluit,</span> <span class='ocrx_word' id='word_1_147' title='bbox 1545 1612 1630 1658; x_wconf 92' lang='lat' dir='ltr'>nisi</span> 
     </span>
     <span class='ocr_line' id='line_1_20' title="bbox 233 1690 1630 1761; baseline -0.005 -18"><span class='ocrx_word' id='word_1_148' title='bbox 233 1697 594 1761; x_wconf 82' lang='lat' dir='ltr'>desponsaretur</span> <span class='ocrx_word' id='word_1_149' title='bbox 622 1695 721 1758; x_wconf 89' lang='lat' dir='ltr'>ipsa</span> <span class='ocrx_word' id='word_1_150' title='bbox 766 1693 907 1739; x_wconf 85' lang='lat' dir='ltr'>filiola</span> <span class='ocrx_word' id='word_1_151' title='bbox 938 1708 1019 1737; x_wconf 87' lang='lat' dir='ltr'>sua</span> <span class='ocrx_word' id='word_1_152' title='bbox 1064 1691 1159 1737; x_wconf 86' lang='lat' dir='ltr'>filio</span> <span class='ocrx_word' id='word_1_153' title='bbox 1196 1707 1280 1736; x_wconf 89' lang='lat' dir='ltr'>suo</span> <span class='ocrx_word' id='word_1_154' title='bbox 1318 1690 1630 1753; x_wconf 71' lang='lat' dir='ltr'>delphino...⁶</span> 
     </span>
    </p>
   </div>
   <div class='ocr_carea' id='block_1_3' title="bbox 234 1865 1634 2100">
    <p class='ocr_par' dir='ltr' id='par_1_4' title="bbox 234 1865 1634 2100">
     <span class='ocr_line' id='line_1_21' title="bbox 291 1865 1633 1921; baseline -0.005 -12"><span class='ocrx_word' id='word_1_155' title='bbox 291 1875 326 1910; x_wconf 82' lang='lat'>1.</span> <span class='ocrx_word' id='word_1_156' title='bbox 356 1874 424 1910; x_wconf 87' lang='lat' dir='ltr'>Ces</span> <span class='ocrx_word' id='word_1_157' title='bbox 454 1870 706 1921; x_wconf 85' lang='lat' dir='ltr'>propositions</span> <span class='ocrx_word' id='word_1_158' title='bbox 738 1877 823 1905; x_wconf 77' lang='lat' dir='ltr'>sont</span> <span class='ocrx_word' id='word_1_159' title='bbox 848 1867 934 1904; x_wconf 88' lang='lat' dir='ltr'>bien</span> <span class='ocrx_word' id='word_1_160' title='bbox 963 1868 1074 1904; x_wconf 85' lang='lat' dir='ltr'>celles</span> <span class='ocrx_word' id='word_1_161' title='bbox 1104 1866 1169 1916; x_wconf 88' lang='lat' dir='ltr'>qui</span> <span class='ocrx_word' id='word_1_162' title='bbox 1201 1867 1326 1903; x_wconf 88' lang='lat' dir='ltr'>furent</span> <span class='ocrx_word' id='word_1_163' title='bbox 1351 1865 1456 1902; x_wconf 86' lang='lat' dir='ltr'>saites</span> <span class='ocrx_word' id='word_1_164' title='bbox 1481 1878 1551 1916; x_wconf 86' lang='lat' dir='ltr'>par</span> <span class='ocrx_word' id='word_1_165' title='bbox 1580 1865 1633 1902; x_wconf 87' lang='lat' dir='ltr'>les</span> 
     </span>
     <span class='ocr_line' id='line_1_22' title="bbox 235 1927 1634 1985; baseline -0.006 -13"><span class='ocrx_word' id='word_1_166' title='bbox 235 1935 391 1985; x_wconf 78' lang='lat' dir='ltr'>deputes</span> <span class='ocrx_word' id='word_1_167' title='bbox 417 1934 481 1971; x_wconf 89' lang='lat' dir='ltr'>des</span> <span class='ocrx_word' id='word_1_168' title='bbox 506 1927 623 1970; x_wconf 67' lang='lat' dir='ltr'>Etats.</span> <span class='ocrx_word' id='word_1_169' title='bbox 652 1934 703 1969; x_wconf 88' lang='lat' dir='ltr'>M.</span> <span class='ocrx_word' id='word_1_170' title='bbox 734 1930 907 1968; x_wconf 86' lang='lat' dir='ltr'>Gachard</span> <span class='ocrx_word' id='word_1_171' title='bbox 929 1943 976 1967; x_wconf 89' lang='lat' dir='ltr'>en</span> <span class='ocrx_word' id='word_1_172' title='bbox 997 1943 1018 1967; x_wconf 88' lang='lat' dir='ltr'>a</span> <span class='ocrx_word' id='word_1_173' title='bbox 1037 1943 1084 1966; x_wconf 92' lang='lat' dir='ltr'>eu</span> <span class='ocrx_word' id='word_1_174' title='bbox 1101 1930 1210 1966; x_wconf 83' lang='lat' dir='ltr'>l’acte</span> <span class='ocrx_word' id='word_1_175' title='bbox 1235 1937 1341 1965; x_wconf 84' lang='lat' dir='ltr'>entre</span> <span class='ocrx_word' id='word_1_176' title='bbox 1362 1929 1416 1965; x_wconf 88' lang='lat' dir='ltr'>les</span> <span class='ocrx_word' id='word_1_177' title='bbox 1436 1927 1577 1972; x_wconf 70' lang='lat' dir='ltr'>maim,</span> <span class='ocrx_word' id='word_1_178' title='bbox 1599 1936 1634 1963; x_wconf 84' lang='lat' dir='ltr'>et</span> 
     </span>
     <span class='ocr_line' id='line_1_23' title="bbox 234 1988 1632 2042; baseline -0.007 -8"><span class='ocrx_word' id='word_1_179' title='bbox 234 1998 257 2034; x_wconf 88' lang='lat' dir='ltr'>il</span> <span class='ocrx_word' id='word_1_180' title='bbox 278 1999 331 2034; x_wconf 88' lang='lat' dir='ltr'>les</span> <span class='ocrx_word' id='word_1_181' title='bbox 351 1997 423 2033; x_wconf 85' lang='lat' dir='ltr'>cite</span> <span class='ocrx_word' id='word_1_182' title='bbox 447 1997 538 2033; x_wconf 83' lang='lat' dir='ltr'>dans</span> <span class='ocrx_word' id='word_1_183' title='bbox 566 2008 633 2031; x_wconf 86' lang='lat' dir='ltr'>son</span> <span class='ocrx_word' id='word_1_184' title='bbox 661 1993 842 2031; x_wconf 76' lang='lat' dir='ltr'>Mcmoire</span> <span class='ocrx_word' id='word_1_185' title='bbox 872 2006 935 2029; x_wconf 88' lang='lat' dir='ltr'>sur</span> <span class='ocrx_word' id='word_1_186' title='bbox 962 1993 996 2028; x_wconf 88' lang='lat' dir='ltr'>le</span> <span class='ocrx_word' id='word_1_187' title='bbox 1017 1992 1212 2042; x_wconf 83' lang='lat' dir='ltr'>jugement</span> <span class='ocrx_word' id='word_1_188' title='bbox 1233 1991 1297 2027; x_wconf 87' lang='lat' dir='ltr'>des</span> <span class='ocrx_word' id='word_1_189' title='bbox 1324 1990 1511 2026; x_wconf 85' lang='lat' dir='ltr'>ministres</span> <span class='ocrx_word' id='word_1_190' title='bbox 1533 1988 1579 2024; x_wconf 89' lang='lat' dir='ltr'>de</span> <span class='ocrx_word' id='word_1_191' title='bbox 1600 1988 1632 2024; x_wconf 87' lang='lat' dir='ltr'>la</span> 
     </span>
     <span class='ocr_line' id='line_1_24' title="bbox 235 2052 1502 2100; baseline -0.006 -5"><span class='ocrx_word' id='word_1_192' title='bbox 235 2058 431 2095; x_wconf 77' lang='lat' dir='ltr'>duchesse.</span> <span class='ocrx_word' id='word_1_193' title='bbox 459 2060 643 2093; x_wconf 74' lang='lat' dir='ltr'>Balleeins</span> <span class='ocrx_word' id='word_1_194' title='bbox 661 2058 707 2091; x_wconf 83' lang='lat' dir='ltr'>de</span> <span class='ocrx_word' id='word_1_195' title='bbox 726 2055 958 2091; x_wconf 80' lang='lat' dir='ltr'>l&#39;Acade&#39;mie</span> <span class='ocrx_word' id='word_1_196' title='bbox 977 2056 1103 2100; x_wconf 82' lang='lat' dir='ltr'>royale</span> <span class='ocrx_word' id='word_1_197' title='bbox 1121 2055 1167 2089; x_wconf 73' lang='lat' dir='ltr'>dc</span> <span class='ocrx_word' id='word_1_198' title='bbox 1186 2055 1397 2098; x_wconf 73' lang='lat' dir='ltr'>Bmoeelles,</span> <span class='ocrx_word' id='word_1_199' title='bbox 1420 2052 1445 2087; x_wconf 93' lang='lat' dir='ltr'>l.</span> <span class='ocrx_word' id='word_1_200' title='bbox 1468 2064 1502 2088; x_wconf 88' lang='lat' dir='ltr'>c.</span> 
     </span>
    </p>
   </div>
   <div class='ocr_carea' id='block_1_4' title="bbox 287 2122 1499 2166">
    <p class='ocr_par' dir='ltr' id='par_1_5' title="bbox 287 2122 1499 2166">
     <span class='ocr_line' id='line_1_25' title="bbox 287 2122 1499 2166; baseline -0.007 0"><span class='ocrx_word' id='word_1_201' title='bbox 287 2131 324 2166; x_wconf 68' lang='grc' dir='ltr'>ἱ).</span> <span class='ocrx_word' id='word_1_202' title='bbox 356 2129 442 2166; x_wconf 87' lang='lat' dir='ltr'>Ccci</span> <span class='ocrx_word' id='word_1_203' title='bbox 463 2127 539 2165; x_wconf 88' lang='lat' dir='ltr'>doit</span> <span class='ocrx_word' id='word_1_204' title='bbox 561 2126 775 2164; x_wconf 80' lang='lat' dir='ltr'>s&#39;entendre</span> <span class='ocrx_word' id='word_1_205' title='bbox 794 2126 858 2162; x_wconf 81' lang='lat' dir='ltr'>des</span> <span class='ocrx_word' id='word_1_206' title='bbox 878 2124 1163 2163; x_wconf 82' lang='lat' dir='ltr'>ambassadeurs</span> <span class='ocrx_word' id='word_1_207' title='bbox 1181 2123 1227 2160; x_wconf 90' lang='lat' dir='ltr'>de</span> <span class='ocrx_word' id='word_1_208' title='bbox 1248 2123 1284 2160; x_wconf 87' lang='lat' dir='ltr'>la</span> <span class='ocrx_word' id='word_1_209' title='bbox 1303 2122 1499 2159; x_wconf 89' lang='lat' dir='ltr'>duchesse.</span> 
     </span>
    </p>
   </div>
   <div class='ocr_carea' id='block_1_5' title="bbox 235 2193 1635 2751">
    <p class='ocr_par' dir='ltr' id='par_1_6' title="bbox 235 2193 1635 2620">
     <span class='ocr_line' id='line_1_26' title="bbox 289 2193 1635 2246; baseline -0.005 -12"><span class='ocrx_word' id='word_1_210' title='bbox 289 2202 326 2236; x_wconf 87' lang='grc'>3.</span> <span class='ocrx_word' id='word_1_211' title='bbox 358 2201 411 2235; x_wconf 90' lang='lat' dir='ltr'>La</span> <span class='ocrx_word' id='word_1_212' title='bbox 443 2200 516 2234; x_wconf 76' lang='lat' dir='ltr'>ciee&#39;</span> <span class='ocrx_word' id='word_1_213' title='bbox 539 2197 692 2234; x_wconf 75' lang='lat' dir='ltr'>‹l&#39;Arras</span> <span class='ocrx_word' id='word_1_214' title='bbox 710 2226 718 2242; x_wconf 88' lang='lat'>,</span> <span class='ocrx_word' id='word_1_215' title='bbox 742 2197 908 2246; x_wconf 84' lang='lat' dir='ltr'>quartier</span> <span class='ocrx_word' id='word_1_216' title='bbox 933 2196 979 2233; x_wconf 87' lang='lat' dir='ltr'>de</span> <span class='ocrx_word' id='word_1_217' title='bbox 1003 2197 1039 2233; x_wconf 88' lang='lat' dir='ltr'>la</span> <span class='ocrx_word' id='word_1_218' title='bbox 1059 2195 1276 2242; x_wconf 85' lang='lat' dir='ltr'>juridiction</span> <span class='ocrx_word' id='word_1_219' title='bbox 1305 2193 1536 2243; x_wconf 75' lang='lat' dir='ltr'>episcopale,</span> <span class='ocrx_word' id='word_1_220' title='bbox 1567 2205 1635 2242; x_wconf 90' lang='lat' dir='ltr'>par</span> 
     </span>
     <span class='ocr_line' id='line_1_27' title="bbox 236 2254 1635 2312; baseline -0.006 -13"><span class='ocrx_word' id='word_1_221' title='bbox 236 2261 447 2312; x_wconf 83' lang='lat' dir='ltr'>opposition</span> <span class='ocrx_word' id='word_1_222' title='bbox 470 2262 490 2296; x_wconf 73' lang='lat' dir='ltr'>ii</span> <span class='ocrx_word' id='word_1_223' title='bbox 511 2261 545 2296; x_wconf 89' lang='lat' dir='ltr'>la</span> <span class='ocrx_word' id='word_1_224' title='bbox 571 2263 654 2295; x_wconf 73' lang='lat' dir='ltr'>ville</span> <span class='ocrx_word' id='word_1_225' title='bbox 671 2289 680 2305; x_wconf 83' lang='lat'>,</span> <span class='ocrx_word' id='word_1_226' title='bbox 707 2260 771 2308; x_wconf 89' lang='lat' dir='ltr'>qui</span> <span class='ocrx_word' id='word_1_227' title='bbox 794 2260 882 2295; x_wconf 55' lang='lat' dir='ltr'>&amp;tait</span> <span class='ocrx_word' id='word_1_228' title='bbox 901 2260 935 2295; x_wconf 81' lang='lat' dir='ltr'>le</span> <span class='ocrx_word' id='word_1_229' title='bbox 961 2258 1145 2296; x_wconf 78' lang='lat' dir='ltr'>territoire</span> <span class='ocrx_word' id='word_1_230' title='bbox 1175 2257 1221 2294; x_wconf 86' lang='lat' dir='ltr'>de</span> <span class='ocrx_word' id='word_1_231' title='bbox 1240 2258 1274 2294; x_wconf 90' lang='lat' dir='ltr'>la</span> <span class='ocrx_word' id='word_1_232' title='bbox 1305 2268 1506 2293; x_wconf 85' lang='lat' dir='ltr'>commune</span> <span class='ocrx_word' id='word_1_233' title='bbox 1531 2263 1568 2291; x_wconf 91' lang='lat' dir='ltr'>et</span> <span class='ocrx_word' id='word_1_234' title='bbox 1589 2254 1635 2290; x_wconf 90' lang='lat' dir='ltr'>de</span> 
     </span>
     <span class='ocr_line' id='line_1_28' title="bbox 235 2320 1633 2371; baseline -0.004 -11"><span class='ocrx_word' id='word_1_235' title='bbox 235 2321 408 2371; x_wconf 74' lang='lat' dir='ltr'>l&#39;abbayc</span> <span class='ocrx_word' id='word_1_236' title='bbox 433 2322 478 2358; x_wconf 92' lang='lat' dir='ltr'>de</span> <span class='ocrx_word' id='word_1_237' title='bbox 504 2321 753 2359; x_wconf 81' lang='lat' dir='ltr'>Saint-Vaast.</span> <span class='ocrx_word' id='word_1_238' title='bbox 780 2324 831 2357; x_wconf 88' lang='lat' dir='ltr'>Le</span> <span class='ocrx_word' id='word_1_239' title='bbox 852 2321 905 2357; x_wconf 85' lang='lat' dir='ltr'>roi</span> <span class='ocrx_word' id='word_1_240' title='bbox 928 2335 951 2370; x_wconf 84' lang='lat' dir='ltr'>y</span> <span class='ocrx_word' id='word_1_241' title='bbox 977 2322 1017 2357; x_wconf 83' lang='lat' dir='ltr'>fit</span> <span class='ocrx_word' id='word_1_242' title='bbox 1044 2333 1111 2357; x_wconf 83' lang='lat' dir='ltr'>son</span> <span class='ocrx_word' id='word_1_243' title='bbox 1132 2321 1259 2357; x_wconf 79' lang='lat' dir='ltr'>eutrce</span> <span class='ocrx_word' id='word_1_244' title='bbox 1279 2320 1312 2356; x_wconf 88' lang='lat' dir='ltr'>le</span> <span class='ocrx_word' id='word_1_245' title='bbox 1332 2321 1352 2356; x_wconf 51' lang='grc' dir='ltr'>ί*</span> <span class='ocrx_word' id='word_1_246' title='bbox 1373 2331 1493 2363; x_wconf 84' lang='lat' dir='ltr'>mars,</span> <span class='ocrx_word' id='word_1_247' title='bbox 1517 2333 1534 2350; x_wconf 78' lang='grc' dir='ltr'>α</span> <span class='ocrx_word' id='word_1_248' title='bbox 1557 2330 1633 2354; x_wconf 88' lang='lat' dir='ltr'>non</span> 
     </span>
     <span class='ocr_line' id='line_1_29' title="bbox 237 2379 1635 2436; baseline -0.005 -14"><span class='ocrx_word' id='word_1_249' title='bbox 237 2385 343 2436; x_wconf 90' lang='lat' dir='ltr'>point</span> <span class='ocrx_word' id='word_1_250' title='bbox 373 2397 441 2435; x_wconf 82' lang='lat' dir='ltr'>par</span> <span class='ocrx_word' id='word_1_251' title='bbox 466 2384 586 2428; x_wconf 78' lang='lat' dir='ltr'>force,</span> <span class='ocrx_word' id='word_1_252' title='bbox 609 2382 701 2419; x_wconf 86' lang='lat' dir='ltr'>mais</span> <span class='ocrx_word' id='word_1_253' title='bbox 720 2396 788 2432; x_wconf 87' lang='lat' dir='ltr'>par</span> <span class='ocrx_word' id='word_1_254' title='bbox 807 2382 883 2419; x_wconf 89' lang='lat' dir='ltr'>bon</span> <span class='ocrx_word' id='word_1_255' title='bbox 908 2383 1029 2419; x_wconf 76' lang='lat' dir='ltr'>voloir</span> <span class='ocrx_word' id='word_1_256' title='bbox 1048 2382 1112 2418; x_wconf 75' lang='lat' dir='ltr'>des</span> <span class='ocrx_word' id='word_1_257' title='bbox 1139 2381 1325 2418; x_wconf 82' lang='lat' dir='ltr'>‹lessusdis</span> <span class='ocrx_word' id='word_1_258' title='bbox 1355 2380 1401 2415; x_wconf 92' lang='lat' dir='ltr'>de</span> <span class='ocrx_word' id='word_1_259' title='bbox 1431 2380 1466 2416; x_wconf 85' lang='lat' dir='ltr'>la</span> <span class='ocrx_word' id='word_1_260' title='bbox 1494 2379 1566 2416; x_wconf 87' lang='lat' dir='ltr'>cite</span> <span class='ocrx_word' id='word_1_261' title='bbox 1582 2408 1593 2425; x_wconf 91' lang='lat'>,</span> <span class='ocrx_word' id='word_1_262' title='bbox 1615 2381 1635 2416; x_wconf 73' lang='grc' dir='ltr'>ὲ</span> 
     </span>
     <span class='ocr_line' id='line_1_30' title="bbox 238 2441 1630 2496; baseline -0.004 -11"><span class='ocrx_word' id='word_1_263' title='bbox 238 2459 350 2485; x_wconf 88' lang='lat' dir='ltr'>cause</span> <span class='ocrx_word' id='word_1_264' title='bbox 378 2459 451 2496; x_wconf 88' lang='lat' dir='ltr'>que</span> <span class='ocrx_word' id='word_1_265' title='bbox 480 2445 591 2482; x_wconf 85' lang='lat' dir='ltr'>ladite</span> <span class='ocrx_word' id='word_1_266' title='bbox 616 2444 749 2494; x_wconf 85' lang='lat' dir='ltr'>plache</span> <span class='ocrx_word' id='word_1_267' title='bbox 777 2444 885 2480; x_wconf 84' lang='lat' dir='ltr'>estoit</span> <span class='ocrx_word' id='word_1_268' title='bbox 910 2444 1061 2489; x_wconf 81' lang='lat' dir='ltr'>sienne,</span> <span class='ocrx_word' id='word_1_269' title='bbox 1090 2456 1236 2480; x_wconf 89' lang='lat' dir='ltr'>comme</span> <span class='ocrx_word' id='word_1_270' title='bbox 1264 2441 1416 2479; x_wconf 89' lang='lat' dir='ltr'>cambre</span> <span class='ocrx_word' id='word_1_271' title='bbox 1438 2441 1485 2478; x_wconf 91' lang='lat' dir='ltr'>de</span> <span class='ocrx_word' id='word_1_272' title='bbox 1506 2454 1591 2490; x_wconf 77' lang='lat' dir='ltr'>roy.</span> <span class='ocrx_word' id='word_1_273' title='bbox 1615 2458 1630 2473; x_wconf 79' lang='lat'>1·</span> 
     </span>
     <span class='ocr_line' id='line_1_31' title="bbox 236 2502 1633 2555; baseline -0.005 -10"><span class='ocrx_word' id='word_1_274' title='bbox 236 2508 392 2545; x_wconf 87' lang='lat' dir='ltr'>Journal</span> <span class='ocrx_word' id='word_1_275' title='bbox 412 2507 458 2544; x_wconf 88' lang='lat' dir='ltr'>de</span> <span class='ocrx_word' id='word_1_276' title='bbox 475 2507 561 2544; x_wconf 92' lang='lat' dir='ltr'>dom</span> <span class='ocrx_word' id='word_1_277' title='bbox 582 2505 726 2542; x_wconf 73' lang='lat' dir='ltr'>Gerard</span> <span class='ocrx_word' id='word_1_278' title='bbox 753 2504 914 2550; x_wconf 82' lang='lat' dir='ltr'>Robcrt‚</span> <span class='ocrx_word' id='word_1_279' title='bbox 941 2505 1122 2555; x_wconf 78' lang='lat' dir='ltr'>religieux</span> <span class='ocrx_word' id='word_1_280' title='bbox 1145 2504 1193 2540; x_wconf 90' lang='lat' dir='ltr'>de</span> <span class='ocrx_word' id='word_1_281' title='bbox 1205 2504 1436 2541; x_wconf 83' lang='lat' dir='ltr'>Saint-Vaast</span> <span class='ocrx_word' id='word_1_282' title='bbox 1460 2502 1633 2546; x_wconf 84' lang='lat' dir='ltr'>d&#39;Arras‚</span> 
     </span>
     <span class='ocr_line' id='line_1_32' title="bbox 236 2567 1426 2620; baseline -0.003 -13"><span class='ocrx_word' id='word_1_283' title='bbox 236 2569 365 2620; x_wconf 73' lang='lat' dir='ltr'>public</span> <span class='ocrx_word' id='word_1_284' title='bbox 386 2582 453 2620; x_wconf 88' lang='lat' dir='ltr'>par</span> <span class='ocrx_word' id='word_1_285' title='bbox 472 2567 702 2605; x_wconf 75' lang='lat' dir='ltr'>l&#39;Aeademie</span> <span class='ocrx_word' id='word_1_286' title='bbox 721 2567 873 2604; x_wconf 80' lang='lat' dir='ltr'>d‘Arras</span> <span class='ocrx_word' id='word_1_287' title='bbox 892 2569 1038 2614; x_wconf 65' lang='lat'>(1852),</span> <span class='ocrx_word' id='word_1_288' title='bbox 1059 2580 1098 2617; x_wconf 89' lang='lat' dir='ltr'>p.</span> <span class='ocrx_word' id='word_1_289' title='bbox 1124 2569 1161 2605; x_wconf 87' lang='lat'>9.</span> <span class='ocrx_word' id='word_1_290' title='bbox 1421 2571 1426 2577; x_wconf 94' lang='lat'><em>&#39;</em></span> 
     </span>
    </p>

    <p class='ocr_par' dir='ltr' id='par_1_7' title="bbox 236 2634 1635 2751">
     <span class='ocr_line' id='line_1_33' title="bbox 292 2634 1635 2687; baseline -0.005 -10"><span class='ocrx_word' id='word_1_291' title='bbox 292 2643 327 2677; x_wconf 66' lang='grc' dir='ltr'>[ι.</span> <span class='ocrx_word' id='word_1_292' title='bbox 359 2645 510 2677; x_wconf 88' lang='lat' dir='ltr'>Lacune</span> <span class='ocrx_word' id='word_1_293' title='bbox 540 2639 632 2675; x_wconf 86' lang='lat' dir='ltr'>dans</span> <span class='ocrx_word' id='word_1_294' title='bbox 656 2639 691 2675; x_wconf 83' lang='lat' dir='ltr'>le</span> <span class='ocrx_word' id='word_1_295' title='bbox 718 2651 822 2682; x_wconf 82' lang='lat' dir='ltr'>sens,</span> <span class='ocrx_word' id='word_1_296' title='bbox 847 2638 1010 2687; x_wconf 84' lang='lat' dir='ltr'>quoique</span> <span class='ocrx_word' id='word_1_297' title='bbox 1031 2637 1064 2674; x_wconf 92' lang='lat' dir='ltr'>le</span> <span class='ocrx_word' id='word_1_298' title='bbox 1088 2646 1187 2673; x_wconf 85' lang='lat' dir='ltr'>texte</span> <span class='ocrx_word' id='word_1_299' title='bbox 1213 2650 1251 2673; x_wconf 88' lang='lat' dir='ltr'>se</span> <span class='ocrx_word' id='word_1_300' title='bbox 1273 2635 1378 2672; x_wconf 85' lang='lat' dir='ltr'>suive</span> <span class='ocrx_word' id='word_1_301' title='bbox 1411 2647 1495 2671; x_wconf 86' lang='lat' dir='ltr'>sans</span> <span class='ocrx_word' id='word_1_302' title='bbox 1513 2634 1635 2670; x_wconf 87' lang='lat' dir='ltr'>inter-</span> 
     </span>
     <span class='ocr_line' id='line_1_34' title="bbox 236 2700 789 2751; baseline -0.007 -12"><span class='ocrx_word' id='word_1_303' title='bbox 236 2703 386 2751; x_wconf 76' lang='lat' dir='ltr'>ruption</span> <span class='ocrx_word' id='word_1_304' title='bbox 409 2701 501 2737; x_wconf 79' lang='lat' dir='ltr'>dans</span> <span class='ocrx_word' id='word_1_305' title='bbox 520 2701 554 2736; x_wconf 82' lang='lat' dir='ltr'>lc</span> <span class='ocrx_word' id='word_1_306' title='bbox 574 2700 789 2737; x_wconf 85' lang='lat' dir='ltr'>manuscrit.</span> 
     </span>
    </p>
   </div>
  </div>
 </body>
</html>
