1875 2956
202 196 276 232 334
769 194 1039 237 stowam,

199 282 564 336 Pontiniacum¹‚
590 281 668 325 ubi
696 289 888 342 perante
916 278 1081 325 beatus
1100 280 1318 341 Thomas,
1347 293 1611 329 antecessor

199 375 326 417 suus,
356 375 438 422 per
466 373 616 402 annos
646 356 819 400 multos
845 355 1113 414 delituerat,
1141 356 1292 402 clarus
1315 369 1360 404 et
1388 359 1610 422 operibus

200 434 339 480 bonis
356 445 401 481 et
420 433 654 479 miraculis
677 432 834 477 multis
852 448 999 493 usque
1023 431 1083 477 ad
1103 442 1366 480 extremum
1388 453 1610 500 corpora-

199 511 253 556 lis
274 529 365 557 sua*r
391 510 777 573 peregrinationis
803 509 928 554 diem
954 509 1248 571 permansis-²,
1272 509 1431 573 ibique
1458 515 1610 577 sepul-

201 598 272 633 tus
299 598 341 633 et
366 589 412 632 in
441 604 611 649 magna
631 587 932 633 veneratione
952 585 1140 632 habitus
1160 587 1425 649 requiescit.

265 664 340 707 Sic
364 673 409 708 et
428 664 664 708 innumeri
685 663 761 708 alii
780 663 927 708 sancti
950 663 1050 722 viri,
1076 662 1273 707 diversis
1292 663 1407 709 locis
1430 679 1482 709 ac
1501 674 1612 710 tem-

200 739 395 804 poribus
421 739 601 785 rabiem
626 740 913 786 declinantes
941 749 1299 802 persecutorum
1331 749 1471 803 atque
1495 741 1541 786 in
1565 759 1612 788 se

200 818 358 863 saevire
380 817 659 877 volentium,
682 827 918 881 praecepto
948 817 1095 862 innixi
1118 826 1257 878 atque
1281 817 1497 880 exemplo
1521 819 1613 864 Sal-

203 894 389 953 vatoris,
414 893 546 939 sedes
566 893 779 956 proprias
802 892 1039 954 reliquisse
1060 893 1296 954 leguntur⁷
1324 892 1395 937 vel
1417 892 1477 938 ad
1498 902 1613 938 tem—

200 986 304 1032 pus,
341 970 414 1015 vel
443 969 672 1033 quamdiu
702 969 994 1014 inhumanis
1023 970 1291 1033 superstites
1321 969 1609 1016 exstiterunt.

202 1047 337 1092 Unde
351 1046 516 1093 beatus
542 1047 838 1107 Augustinus,
858 1045 980 1091 libro
1005 1045 1213 1092 secundo
1238 1055 1404 1092 contra
1423 1048 1613 1092 Cresco-

201 1123 334 1169 nium
358 1141 368 1169 :
398 1143 420 1168 «
448 1124 673 1169 Nonnulli
700 1143 722 1167 >³
746 1124 898 1186 inquit
921 1143 943 1164 α
971 1134 1132 1170 sancta
1151 1124 1412 1170 humilitate
1434 1125 1613 1188 praediti

200 1201 304 1259 xii-i,
333 1210 526 1265 propter
545 1199 761 1264 quaedam
791 1201 839 1247 in
861 1218 908 1246 se
932 1200 1233 1260 offendicula,
1261 1201 1432 1263 quibus
1449 1202 1524 1265 pie
1547 1219 1615 1248 re-

201 1278 457 1341 ligioseque
483 1276 815 1336 movebantur,
842 1278 1142 1343 episcopatus
1165 1277 1397 1338 officium,
1424 1296 1520 1324 non
1543 1296 1609 1325 so·

201 1355 300 1400 lum
325 1355 424 1400 sine
447 1355 604 1418 culpa,
631 1371 796 1401 verum
816 1356 957 1401 etiam
980 1373 1089 1401 cum
1116 1356 1255 1402 laude
1283 1367 1558 1420 posuerunt.
1590 1376 1611 1399 »

205 1431 338 1477 [jude
362 1431 700 1478 rationabiliter
725 1432 861 1478 valde
887 1443 1063 1479 canunt
1083 1433 1205 1496 jura,
1236 1433 1367 1495 quod
1393 1434 1496 1496 quis
1518 1450 1615 1479 non

202 1518 384 1553 tenetur
407 1525 454 1554 se
486 1509 676 1554 credere
701 1519 746 1553 et
772 1510 1066 1555 committere
1091 1508 1178 1554 sub
1209 1510 1385 1556 inimici
1411 1520 1615 1572 potesta—

204 1595 319 1644 tem,
350 1587 490 1631 etiam
515 1585 634 1631 datis
657 1584 744 1630 sibi
770 1584 1193 1648 qualibuscumque
1215 1586 1377 1632 litteris
1405 1586 1462 1631 de
1487 1587 1614 1632 salvo

201 1661 457 1706 conductu.
492 1662 634 1723 Cujus
657 1662 889 1707 rationem
913 1661 1108 1725 pulchre
1130 1663 1323 1726 Sapiens
1347 1662 1611 1721 subintulit,

202 1738 377 1783 Eccles.
406 1741 505 1783 Xll.
526 1740 779 1799 Postquam
803 1740 930 1783 enim
960 1740 1253 1800 praemisisset
1277 1740 1391 1785 illud
1408 1757 1615 1802 praecep-

203 1826 301 1861 tum
325 1834 333 1860 :
360 1836 380 1859 «
405 1819 509 1861 Non
532 1815 695 1861 credas
714 1825 758 1861 te
778 1816 970 1860 inimico
989 1825 1071 1861 tuo
1092 1817 1140 1860 in
1160 1826 1402 1875 aeternum,
1430 1835 1452 1858 »
1473 1816 1615 1879 paulo

202 1902 306 1956 post
330 1911 338 1937 :
364 1912 385 1934 «
409 1895 460 1937 In
484 1891 619 1938 labiis
644 1911 663 1935 ι)
690 1892 843 1954 inquit
869 1912 889 1936 «
919 1894 1012 1937 suis
1037 1892 1246 1938 indulcat
1269 1893 1503 1951 inimicus,
1534 1893 1617 1939 sed

204 1971 251 2014 in
283 1970 426 2015 corde
461 1986 545 2015 suo
573 1969 820 2015 insidiatur
854 1978 903 2013 ut
937 1968 1175 2015 subvertat
1197 1979 1241 2014 te
1267 1970 1313 2014 in
1352 1970 1554 2016 foveam.
1589 1989 1612 2013 »

205 2047 344 2102 Quod
368 2047 403 2091 si
428 2047 490 2091 ita
515 2046 585 2091 xir
610 2045 818 2109 prudens
843 2044 932 2090 sibi
955 2044 1014 2091 ab
1041 2045 1176 2091 hoste
1202 2061 1366 2091 cavere
1392 2045 1549 2105 debet,
1577 2047 1615 2092 si

204 2140 250 2168 se
271 2123 451 2168 salium
468 2123 594 2182 velit,
619 2124 760 2168 etiam
783 2121 864 2167 ubi
882 2123 953 2167 vel
977 2121 1064 2167 sibi
1088 2123 1171 2185 ipsi
1198 2122 1269 2167 vel
1294 2122 1371 2168 alii
1394 2122 1614 2184 cuiquam

205 2218 313 2245 eum
337 2200 479 2245 fidem
509 2200 720 2246 fefellisse
750 2200 945 2245 minime
970 2209 1185 2263 expertus
1208 2209 1297 2258 est,
1331 2215 1472 2260 quam
1505 2199 1616 2245 deli-

206 2294 283 2322 rus
305 2287 347 2322 et
377 2277 517 2321 wluti
542 2276 693 2322 fatuus
727 2275 989 2322 censendus
1018 2276 1138 2337 juste
1168 2275 1310 2333 foret,
1345 2275 1423 2336 qui
1455 2292 1501 2320 se
1536 2275 1614 2320 tali

207 2354 396 2399 inimico
418 2353 606 2399 credere
629 2363 857 2416 pergeret,
880 2369 1021 2414 quem
1043 2352 1299 2397 innumeris
1322 2369 1453 2415 paene
1473 2352 1615 2397 fidem

261 2492 297 2528 1.
331 2488 532 2539 Pontigny,
554 2487 646 2525 dans
666 2487 1012 2524 l’arrondisscment
1034 2487 1248 2525 d'Auxerre
1267 2490 1445 2535 (Yonne).

259 2555 296 2588 2.
328 2552 432 2590 Saint
456 2550 574 2587 Edme
602 2559 753 2587 mourut
784 2552 803 2586 ἐι
829 2550 969 2599 Soissy,
1001 2552 1086 2600 pres
1117 2551 1163 2587 (lc
1186 2551 1364 2598 Prox'ius,
1396 2550 1429 2587 le
1461 2551 1510 2587 16
1536 2563 1613 2587 no-

209 2614 362 2651 vembre
377 2616 478 2651 1240
494 2628 503 2660 3
525 2613 616 2650 mais
633 2614 656 2650 il
672 2615 727 2650 sut
739 2613 894 2650 inhume
910 2615 930 2649 a
947 2614 1148 2663 Pontigny,
1163 2626 1311 2657 comme
1327 2614 1361 2651 le
1376 2613 1429 2650 dit
1447 2614 1610 2652 Thomas

207 2677 330 2715 Basin.
