1875 2956
316 209 385 244 1⁹2⁸
668 209 1004 244 fflSTORlARUM
1035 209 1269 244 LUDOVICI
1298 211 1352 244 XI

311 293 491 341 fuerant
512 295 622 341 dicti
645 294 797 340 Caroli
822 294 978 353 ducis3
1005 303 1050 340 et
1074 310 1151 340 eas
1166 331 1176 351 ,
1204 296 1358 342 obitus
1381 297 1449 342 sui
1470 306 1703 358 tempore,

310 371 606 434 possidebat,
643 371 721 418 sed
756 387 859 430 eaS,
893 371 994 434 ipso
1034 372 1125 417 vita
1165 372 1354 430 functo,
1388 390 1465 419 rex
1507 390 1708 437 occupa-

310 460 461 509 verat,
490 460 531 496 et
562 450 731 513 partim
756 449 896 495 armis
918 486 930 509 ,
961 450 1130 512 partim
1156 449 1473 496 deditionibus
1498 452 1544 496 in
1577 467 1708 497 suani

310 526 551 588 redegerat
574 536 866 589 potestatem.

375 606 439 648 Ea
478 613 632 649 autem
676 604 775 665 lege
813 603 899 649 dos
936 603 1263 665 hujuscemodi
1303 603 1501 650 domino
1533 604 1708 651 delfino

308 694 395 741 pro
419 695 501 724 sua
532 679 656 725 dicta
690 679 843 725 futura
870 680 1068 741 conjuge
1092 680 1345 725 constituta
1371 689 1466 739 est,
1494 681 1646 743 quod,
1673 682 1708 727 si

306 754 551 813 eamdem,
579 756 717 801 nullis
756 756 815 801 de
857 772 904 800 se
944 755 1270 819 superstitibus
1308 755 1466 801 liberis
1509 756 1706 816 relictis,

306 831 449 876 vitam
480 831 613 878 finire
645 833 959 895 contingeret,
991 833 1101 878 dicti
1134 834 1382 879 comitatus
1414 842 1459 879 et
1493 842 1623 878 terrae
1651 833 1709 880 ad

293 906 477 953 'ducem
498 908 764 974 Philippum
783 946 795 969 ,
822 909 1032 971 ejusdem
1056 926 1237 973 sponsa·
1261 910 1449 955 fratrem
1466 945 1478 968 ,
1511 925 1710 972 suosque

306 985 513 1031 haeredes
550 988 717 1032 reverti
750 986 993 1033 deberent.
1027 987 1118 1033 Sed
1162 1004 1218 1033 eo
1259 989 1391 1033 casu¹
1423 1003 1502 1032 rex
1539 987 1609 1033 vel
1642 988 1711 1033 sui

306 1062 511 1109 haeredes
534 1073 726 1127 possent
750 1064 1078 1126 hujuscemodi
1102 1065 1352 1110 comitatus
1375 1073 1420 1110 et
1444 1073 1588 1110 terras
1607 1065 1711 1110 reti-

307 1155 443 1197 nere,
475 1140 629 1186 donec
662 1141 707 1185 in
739 1141 843 1202 jure
875 1140 1186 1203 disceptatum
1215 1140 1561 1202 diffinitumque
1595 1140 1714 1187 foret

307 1216 365 1261 de
403 1227 447 1263 et
481 1233 621 1280 super
646 1217 750 1280 jure
788 1217 918 1280 quod
951 1234 1027 1263 rex
1062 1217 1237 1263 habere
1269 1217 1516 1281 praetendit
1547 1217 1594 1262 in
1629 1233 1712 1280 op-

306 1293 428 1356 pidis
457 1294 710 1353 lnsulensi,
730 1293 998 1340 Duachensi
1030 1303 1075 1340 et
1101 1294 1160 1339 de
1195 1295 1427 1354 (Jrclzc'es‘,
1457 1310 1713 1356 eorumque

307 1371 584 1417 castellaniis
623 1388 704 1417 seu
752 1370 1052 1417 districtibus.
1100 1375 1214 1427 Qua>
1258 1370 1534 1434 disceptatio
1576 1380 1714 1433 atque

307 1446 365 1492 de
403 1449 671 1512 supradicto
709 1459 937 1512 praetenso
971 1448 1076 1510 jure
1113 1448 1331 1495 diffinitio
1370 1447 1491 1493 infra
1527 1447 1712 1493 triennii

307 1534 453 1570 metas
475 1524 669 1570 deberet
692 1523 917 1587 expediri.

372 1601 491 1645 Sunt
530 1611 575 1646 et
618 1600 707 1646 alia
753 1599 1034 1662 quamplura
1079 1600 1283 1662 capitula
1325 1601 1372 1645 in
1420 1598 1552 1644 dicta*
1588 1599 1715 1662 pacis

308 1675 481 1722 foedere
516 1677 887 1740 comprehensa,
924 1693 1024 1738 quac
1043 1711 1054 1733 ‚
1083 1674 1321 1721 brevitatis
1349 1691 1515 1733 causa,
1544 1676 1717 1720 omitti—

307 1769 411 1797 mus
435 1753 513 1798 hic
538 1754 738 1800 inserere
757 1789 768 1811 ‚
796 1752 926 1816 quod
950 1752 996 1798 id
1027 1752 1138 1797 huic
1173 1763 1335 1799 nostro
1359 1754 1489 1817 operi
1522 1753 1716 1798 minime

307 1831 620 1876 necessarium
643 1831 830 1876 exsistat
841 1832 868 1875 ³.

374 1910 477 1953 Non
512 1918 670 1954 tamen
702 1907 1017 1954 omittendum
1055 1906 1211 1970 quod,
1253 1907 1396 1970 paulo
1427 1916 1534 1952 ante
1572 1922 1714 1968 quam

307 1984 635 2046 hujuscemodi
666 2001 754 2048 pax
784 1985 1031 2031 conciliata
1060 1985 1202 2042 soret,
1239 2001 1317 2029 rex
1345 1984 1624 2048 oppidulum
1657 1984 1716 2029 de

309 2065 476 2119 Aere‘,
505 2073 730 2126 corrupto
758 2063 1045 2126 capitaneo⁵‚
1082 2061 1214 2124 cujus
1241 2060 1350 2108 fidei
1378 2062 1476 2123 ejus
1504 2060 1716 2106 custodia

364 2254 378 2289 1
394 2282 400 2288 .
433 2254 494 2289 Sic
514 2253 712 2290 Mattliaeus
731 2269 741 2300 3
760 2267 801 2288 eo
822 2262 945 2288 tamen
963 2252 1055 2289 dans
1076 2252 1110 2288 le
1129 2265 1199 2288 ms.

364 2317 400 2352 2.
433 2315 526 2352 Lille
541 2344 550 2359 ‚
571 2315 693 2351 Douai
720 2324 755 2351 et
779 2314 949 2355 Orcliics,
974 2313 1215 2359 aujourd'liui
1241 2312 1333 2350 dans
1356 2313 1391 2349 le
1415 2312 1501 2362 dep.
1525 2313 1576 2351 du
1597 2314 1713 2360 Nord,

310 2378 362 2413 les
383 2378 472 2414 trois
493 2377 719 2428 principales
742 2377 849 2413 villes
868 2377 914 2412 de
935 2376 1145 2413 l'ancienne
1166 2375 1326 2412 Flandre
1344 2375 1536 2425 l'rancaise.

366 2442 402 2478 3.
435 2442 486 2476 Le
511 2447 610 2475 texte
630 2452 649 2474 a
670 2439 728 2474 etc
746 2437 921 2486 imprimi·
942 2436 1101 2473 nombre
1126 2436 1172 2472 de
1191 2436 1259 2472 sois
1273 2465 1282 2479 ,
1303 2444 1536 2474 notamment
1561 2436 1654 2473 dans
1683 2438 1717 2474 le

311 2502 429 2551 Corps
452 2500 725 2551 diplomatiquc
745 2499 792 2536 de
811 2501 1003 2543 Dumont‚
1026 2507 1052 2537 t.
1076 2501 1144 2543 HI,
1169 2498 1287 2548 partie
1314 2501 1363 2545 ΙΙ,
1387 2507 1421 2535 et
1440 2498 1532 2535 dans
1551 2498 1586 2535 le
1609 2500 1719 2535 Com-

312 2563 432 2600 mines
452 2563 498 2600 de
515 2562 925 2612 Lcnglet-Dusrcsnoy,
950 2569 977 2598 t.
1002 2562 1066 2605 IV,
1094 2573 1132 2609 p.
1156 2561 1220 2596 95.

367 2628 403 2662 [A.
436 2625 525 2662 Aire
544 2638 591 2661 cn
607 2623 744 2661 Artois.

370 2692 406 2725 5.
435 2690 527 2724 Jean
555 2687 600 2722 de
625 2688 807 2735 Bergues,
828 2683 1001 2733 seigneur
1021 2682 1066 2718 dc
1085 2682 1227 2720 Colien.
