1875 2956
674 185 816 218 LIBER
846 185 1043 220 SEXTUS.
1080 236 1085 240 ,
1485 186 1555 221 127

160 272 335 317 clerum
366 281 416 317 ut
438 288 530 317 suae
558 272 806 333 interjectae
837 270 1164 334 appellationi,
1191 268 1250 314 de
1272 285 1365 330 qua
1386 286 1526 332 supra
1544 309 1554 329 ‚

159 347 393 393 adhaerere
415 348 598 394 vellent.
628 347 718 393 Sed
741 364 848 393 cum
866 347 1120 410 prudenter
1135 344 1560 392 animadverterent
1606 376 1611 381 ·

158 423 287 486 quod
310 424 635 487 hujuscemodi
659 424 909 487 appellatio
938 424 997 468 de
1019 424 1122 485 jure
1154 422 1420 467 nullatenus
1452 422 1560 467 sub—

156 500 313 547 sistere
339 512 494 564 posset
511 539 522 560 ,
563 501 784 564 quodque
813 500 959 546 multa
987 499 1218 562 probrosa
1253 508 1298 544 et
1331 498 1485 561 turpia
1510 499 1556 543 in

156 593 293 623 suum
314 577 443 639 pium
463 577 733 640 pontificem
751 574 811 620 ab
831 575 1032 620 inimicis
1054 574 1343 620 mendaciter
1356 573 1558 620 conficta

155 654 443 713 contineret,
492 654 619 699 nullo
666 661 803 716 pacto
834 651 986 697 eidem
1023 668 1070 697 se
1100 651 1369 697 adhaesuros
1405 651 1559 696 firma-

155 741 336 777 verunt.

560 883 897 928 CAPITULUM
934 883 1136 926 XXXIII.

203 1010 251 1041 Dc
270 1021 353 1054 pace
375 1008 458 1041 inita
479 1009 566 1041 inter
586 1008 819 1047 Ludovicum,
843 1007 995 1040 Franciae
1013 1019 1140 1052 regem,
1162 1015 1193 1038 et
1216 1006 1505 1042 Maximilianum,

677 1061 834 1097 ¹Austriae
850 1063 975 1097 ducem
994 1064 1018 1098 “.

219 1174 306 1217 Pax
331 1172 485 1233 igitur,
510 1182 559 1217 ut
582 1171 919 1235 prwdiximusss
943 1181 989 1216 et
1011 1170 1224 1216 amicitiae
1243 1168 1418 1214 foedera
1436 1169 1556 1214 inter

151 1264 306 1309 regem
341 1252 652 1308 Francorum,
692 1250 738 1294 in
777 1265 872 1310 quo
906 1258 1051 1294 totam
1093 1263 1224 1310 paene
1260 1262 1389 1308 spem
1421 1262 1554 1291 suam

150 1324 283 1370 initio
316 1326 626 1387 Trajectenses
664 1326 859 1371 rebelles
895 1333 1227 1388 reposuerant,
1273 1332 1318 1367 et
1348 1323 1556 1367 Maximi-

148 1400 352 1460 lianum,
397 1402 585 1447 Austriae
621 1401 817 1459 ducem,
855 1401 1047 1462 ejusque
1088 1399 1290 1458 liberos,
1326 1407 1469 1444 terras
1500 1415 1554 1445 ac

148 1475 382 1532 dominia,
416 1477 597 1523 firmata
626 1488 756 1537 sunt,
784 1494 868 1540 per
891 1476 1100 1522 medium
1135 1475 1480 1540 sponsaliorum
1509 1486 1554 1521 et

147 1553 403 1616 conjugalis
425 1553 700 1617 perficiendi
724 1554 909 1600 foederis
928 1554 1051 1599 inter
1067 1552 1297 1599 delfinum
1316 1552 1552 1598 Viennen—

147 1647 272 1690 sem,
301 1630 510 1692 ejusdem
533 1632 652 1693 regis
678 1631 826 1676 filium
848 1631 1062 1691 unicum,
1092 1641 1137 1676 et
1162 1630 1408 1676 dominam
1431 1632 1550 1675 Mar-

147 1716 374 1768 garetam,
412 1707 558 1754 filiam
586 1709 697 1755 dicti
720 1709 1022 1755 Maximiliani
1049 1709 1237 1754 unicam
1254 1710 1281 1751 ³.
1312 1708 1396 1752 Cui
1421 1706 1547 1764 filiae,

147 1799 233 1845 pro
263 1783 370 1829 dote
402 1794 447 1830 et
472 1786 688 1847 portione
712 1785 1005 1831 haereditaria
1022 1820 1033 1841 ,
1067 1800 1169 1846 quae
1203 1784 1343 1829 etiam
1368 1792 1552 1846 poterat

147 1861 418 1922 contingere
449 1878 553 1907 eam
587 1879 640 1908 ex
673 1863 964 1908 successione
992 1871 1233 1921 materna,
1265 1861 1438 1907 scilicet
1466 1861 1550 1906 do-

147 1937 283 1982 minae
324 1939 506 1998 Mariae,
543 1940 691 1985 unicae
730 1940 832 1984 filim
874 1938 1060 1998 Caroli,
1094 1939 1227 1984 ducis
1256 1938 1550 1999 Burgundio-

147 2030 288 2073 num,
329 2015 661 2062 defunctorum
697 2015 903 2079 (quibus
935 2016 1165 2079 propitius
1202 2015 1420 2076 dignetur
1453 2032 1550 2061 esse

146 2092 268 2137 Deus
284 2089 343 2154 1),
364 2094 580 2155 assignati
601 2103 709 2140 sunt
725 2094 973 2139 comitatus
1001 2092 1274 2153 Burgundiae
1297 2102 1341 2138 et
1369 2093 1550 2138 Artesiae

145 2176 290 2227 terrae,
309 2179 355 2215 et
376 2169 588 2217 dominia
613 2171 950 2217 Matisconense
967 2181 1012 2216 et
1036 2169 1449 2229 Autissiodorense,
1473 2172 1549 2216 Sa-

146 2245 385 2305 linarum&
423 2249 1004 2311 liarri-supra-Sequanam
1035 2257 1080 2293 et
1103 2247 1160 2293 de
1189 2248 1415 2308 Noyers⁵‚
1446 2263 1547 2309 quae

201 2363 238 2399 1.
268 2362 311 2398 Ni
337 2362 371 2398 le
392 2375 461 2399 ms.
484 2363 523 2399 ni
545 2361 817 2411 l'Amplis.s·ima
839 2365 1001 2398 collectio
1025 2363 1204 2399 n⁷offrent
1236 2370 1333 2399 cette
1363 2360 1543 2401 division,

148 2434 220 2470 que
238 2435 333 2459 nous
353 2425 560 2461 effectuons
580 2425 730 2475 d’apres
747 2424 934 2462 l'autorite
954 2424 1001 2461 de
1019 2424 1232 2461 Matthaeus.

200 2485 238 2520 2.
268 2485 478 2532 Ci-dessus‚
502 2501 539 2537 p.
564 2489 655 2525 120.

202 2545 238 2582 3.
269 2547 429 2597 Mariage
449 2549 513 2597 qui
534 2549 633 2584 lseut
660 2548 761 2598 point
781 2548 867 2585 lieu,

201 2608 236 2642 4.
269 2608 400 2646 Salius.

203 2671 238 2703 ii.
272 2671 409 2715 waw
426 2670 517 2705 dans
535 2671 743 2708 Matthaeus.
761 2671 857 2706 C'est
880 2669 965 2706 bien
987 2672 1145 2718 Noyers,
1168 2670 1253 2719 pri-s
1269 2668 1315 2704 de
1333 2670 1538 2707 Tonnerre.
