1875 2956
668 236 809 270 LIBER
838 235 986 270 SECUh
997 234 1103 270 UUS.
1505 236 1576 270 359

190 333 283 370 tam
321 322 582 383 frequenter
624 322 816 383 legimus
851 322 895 365 in
934 320 1170 383 scripturis
1208 319 1376 365 sanctis
1413 335 1439 363 a
1481 322 1578 365 Deo

187 398 462 461 repromissa
484 397 554 442 his
577 398 655 459 qui
688 396 760 442 vel
784 405 972 459 propter
990 396 1214 457 justitiam
1238 393 1582 458 persecutiones

186 475 440 538 patiuntur,
467 483 513 518 et
534 473 605 518 vel
630 473 808 535 injuriis
841 472 983 517 exsilii
1021 488 1098 517 seu
1129 470 1481 534 proscriptionis
1503 480 1581 514 aut

185 549 459 612 direptionis
502 549 739 595 bonorum
787 559 867 595 aut
912 549 1011 594 aliis
1056 548 1454 609 quibuscumque,
1502 562 1579 591 seu

186 627 326 672 etiam
355 627 563 689 corporis
595 624 875 670 cruciatibus
913 625 983 669 vel
1014 634 1181 682 morte,
1218 640 1304 685 pro
1334 622 1508 684 justitia
1538 632 1583 667 et,

186 704 374 749 veritate
391 702 671 761 afficiuntur,
703 712 752 747 ut
771 701 980 765 profecto
1000 700 1312 746 consideratio
1331 701 1446 745 tanti
1468 716 1582 762 prae-

187 780 265 823 mii
289 796 343 825 ac
367 779 592 824 mercedis
615 795 805 823 omnem
826 779 923 829 vim
941 777 1116 823 doloris
1136 787 1180 822 et
1200 777 1432 822 cruciatus
1454 793 1585 821 exsu-

185 865 313 917 peret
335 865 379 900 et
408 855 762 917 quodammodo
787 854 921 900 faciat
954 853 1180 899 oblivisci.
1208 856 1314 898 Haec
1337 869 1456 916 spes,
1486 852 1583 897 brec

186 929 354 977 fiducia
379 948 543 977 omnes
561 933 709 994 justos
731 948 784 977 ac
804 940 988 977 sanctos
1008 941 1103 976 tam
1121 930 1288 975 veteris
1301 945 1444 991 quam
1472 929 1582 973 novi

184 1009 461 1053 Testamenti
495 1009 690 1054 armavit
727 1008 1009 1066 constantia,
1056 1006 1278 1070 patientia
1316 1005 1577 1063 roboravit,

187 1083 364 1129 fervore
389 1085 650 1130 dilectionis
681 1084 916 1143 accendit,
954 1085 1016 1130 ita
1048 1092 1099 1128 ut
1135 1084 1182 1127 in
1218 1082 1310 1127 suis
1344 1080 1582 1144 qualibus-

184 1175 386 1222 cumque
404 1160 780 1207 tribulationibus
802 1170 847 1206 et
866 1158 1211 1217 afflictionibus,
1234 1157 1325 1203 fide
1344 1167 1389 1202 et
1408 1157 1583 1220 patien-

186 1236 247 1281 tia
270 1236 387 1295 fulti,
414 1238 607 1283 vicerint
631 1254 773 1298 regna
799 1247 937 1298 atque
958 1247 1183 1299 tyrannos
1204 1244 1249 1280 et
1274 1249 1581 1296 quaecumque

183 1311 300 1358 dura
324 1323 368 1358 et
391 1330 553 1376 aspera
572 1331 658 1377 pro
679 1313 787 1373 fide,
813 1330 898 1376 pro
914 1313 1107 1376 justitia,
1137 1327 1223 1375 pro
1248 1311 1438 1355 veritate
1459 1309 1583 1354 forti-

184 1397 252 1433 ter
277 1405 332 1434 ac
366 1391 593 1452 patienter
627 1391 923 1454 pertulerint,
957 1389 1222 1435 circuierint
1255 1388 1303 1432 in
1333 1386 1515 1431 melotis
1536 1396 1582 1431 et

184 1466 381 1528 pellibus
404 1468 605 1531 caprinis
629 1468 892 1530 angustiati,
921 1477 1123 1529 egenteS,
1151 1464 1309 1511 afflicti
1342 1464 1388 1508 in
1421 1463 1580 1508 solitu-

183 1541 388 1601 dinibus,
415 1555 620 1590 errantes
638 1545 685 1589 in
710 1543 950 1589 montibus
972 1553 1016 1588 et
1038 1541 1269 1605 speluncis
1294 1550 1339 1585 et
1358 1540 1404 1585 in
1426 1556 1582 1586 caver-

184 1619 254 1664 nis
284 1630 429 1667 terra‘.
463 1621 642 1677 Quibus
668 1621 877 1684 profecto
909 1620 1077 1682 dignus
1106 1635 1201 1663 non
1232 1628 1329 1664 erat
1354 1617 1575 1662 mundus.

187 1698 312 1757 [psos
349 1698 474 1742 enim
504 1698 695 1742 interius
724 1698 922 1742 docente
949 1696 1109 1741 divino
1142 1694 1306 1757 spiritu
1338 1703 1476 1755 atque
1511 1710 1582 1738 ro-

184 1771 379 1818 borante
404 1772 511 1832 fide,
531 1775 627 1835 jam
645 1782 960 1837 przeceperant
983 1771 1112 1834 quod
1128 1771 1291 1817 beatus
1312 1771 1576 1834 Apostolus,

185 1849 391 1909 gentium
417 1849 600 1908 doctor,
628 1860 789 1913 postea
811 1849 870 1895 ad
898 1852 1134 1895 Romanos
1155 1848 1334 1911 scripsit
1360 1865 1368 1891 ε
1400 1866 1419 1889 «
1451 1849 1580 1903 Quo-

186 1925 310 1970 niam
332 1942 428 1970 non
454 1936 561 1970 sunt
586 1926 831 1987 condignae
857 1925 1094 1988 passiones
1119 1924 1258 1985 hujus
1280 1924 1503 1986 temporis
1522 1923 1581 1969 ad

186 2001 386 2048 suturam
414 2003 624 2063 gloriam,
653 2019 755 2065 quae
778 2002 1057 2048 revelabitur
1077 2002 1124 2047 in
1145 2000 1299 2047 nobis.
1328 2019 1349 2043 υ

248 2081 354 2124 Haec
383 2080 556 2142 quippe
587 2080 920 2143 scripturarum
954 2078 1213 2124 consolatio
1242 2087 1287 2123 et
1316 2076 1583 2123 divinarum

184 2166 321 2219 atque
374 2167 650 2202 aeternarum
702 2156 1064 2220 promissionum
1117 2155 1252 2201 firma
1302 2155 1583 2217 exspectatio

185 2250 374 2279 omnem
403 2235 468 2280 eis
502 2234 814 2280 tribulationis
839 2233 1226 2292 amaritudinem,
1264 2248 1456 2277 omnem
1487 2233 1582 2277 vim

183 2311 358 2358 doloris
377 2313 612 2358 exterioris
635 2312 840 2357 hominis
858 2328 941 2374 per
962 2311 1193 2356 interioris
1213 2310 1584 2356 consolationem

184 2389 229 2433 in
250 2389 546 2434 dulcedinem
571 2389 719 2434 vertit.
746 2392 850 2433 Haec
876 2404 985 2433 sane
1008 2388 1289 2433 esurientem
1315 2387 1522 2432 animam
1541 2397 1581 2432 et

183 2483 312 2529 paene
332 2466 616 2527 jamjamque
638 2465 863 2529 pressuris
891 2464 1221 2511 adversitatum
1255 2473 1298 2509 et
1330 2463 1586 2508 tribulatio-

185 2559 298 2586 num
323 2542 632 2601 deficientem,
660 2542 932 2587 suavissimo
963 2550 1101 2602 atque
1129 2540 1416 2585 validissimo
1441 2539 1584 2583 divini

184 2617 310 2663 xerbi
335 2618 522 2679 eloquio
547 2627 723 2663 recreat
744 2626 786 2662 et
810 2615 980 2675 reficit,
1008 2617 1069 2661 ita
1095 2626 1161 2674 ut,
1189 2615 1267 2661 tali
1296 2614 1586 2659 nobilissimo

186 2693 403 2739 roborata
429 2703 576 2756 pastu,
603 2693 728 2738 bona
760 2706 839 2755 spe
864 2692 1077 2751 subnixa,
1101 2708 1243 2754 quam
1266 2691 1391 2736 velut
1413 2691 1582 2736 anima*
