1875 2956
734 240 877 275 LIBER
914 241 1110 277 PRIMUS.
1546 245 1618 280 327

222 338 309 385 pro
332 320 424 367 fide
448 333 624 370 sacrata
648 325 762 370 nihil
786 326 912 372 aliud
934 327 1168 372 invenitur
1192 343 1334 389 quam
1357 326 1552 390 perfidia
1575 340 1617 375 et

221 397 548 456 inconstantia,
572 399 654 444 ubi
677 401 926 446 saevissimo
951 402 1141 447 inimico
1162 402 1462 447 tantumlicet
1475 419 1619 465 quan-

220 481 321 518 tum
345 474 474 533 libet,
499 476 535 521 si
557 477 660 538 quis
681 477 722 521 ei
741 492 788 521 se
808 477 1044 539 vitamque
1064 494 1193 523 suam
1218 477 1482 537 crediderit,
1507 489 1551 524 et
1571 480 1618 525 in

220 548 357 608 illud,
385 552 514 613 quod
538 552 611 597 vel
636 552 857 614 insipiens
881 553 1078 614 quisque
1102 553 1349 616 providere
1381 563 1425 599 et
1459 571 1622 600 cavere

219 624 478 684 periculum
517 625 700 684 debuit,
742 635 1028 688 spontaneus
1058 643 1106 672 se
1141 627 1381 687 immittat,
1411 629 1619 691 profecto

220 716 306 746 nec
330 703 465 748 venia
489 718 575 748 nec
599 702 895 749 miseratione
915 703 1083 764 dignus
1104 704 1291 749 exsistit.

282 779 371 825 Sed
396 796 492 825 non
525 780 688 839 modo,
715 780 783 825 uti
807 779 1025 838 diximus,
1053 790 1203 826 metus
1227 781 1497 843 hujusmodi
1519 782 1618 844 (qui

218 863 373 901 tamen
406 855 594 903 abunde
623 856 682 902 ad
718 856 811 902 hoc
844 856 1077 903 sufficiens
1102 874 1198 903 esse
1230 857 1411 919 debuit)
1437 874 1463 903 a
1492 874 1619 921 repe-

218 932 360 977 tendo
389 934 600 996 proprias
628 933 758 979 sedes
789 943 834 979 et
857 933 918 980 ab
942 934 1263 980 incumbendo
1293 935 1455 980 crediti
1482 934 1619 980 nobis

217 1007 442 1055 dominici
477 1010 622 1071 gregis
657 1026 777 1054 cura:
807 1026 861 1056 ac
897 1011 1109 1071 regimini
1136 1027 1222 1055 nos
1249 1011 1419 1069 tenuit,
1448 1010 1528 1056 sed
1554 1011 1619 1055 vis

217 1085 427 1146 praecisa,
468 1087 543 1132 cui
583 1086 830 1149 praevalere
871 1087 1002 1132 nullo
1038 1087 1183 1133 modo
1223 1102 1494 1150 possumus3
1536 1103 1619 1150 per

217 1176 359 1222 quam
389 1179 484 1209 non
509 1163 654 1209 modo
685 1180 773 1210 nec
804 1164 937 1210 dictae
964 1163 1236 1210 incumbere
1258 1180 1396 1223 curae,
1424 1164 1505 1209 sed
1533 1180 1619 1208 nec

217 1237 453 1285 dioecesim
478 1240 675 1301 ingredi,
700 1257 786 1286 nec
806 1242 936 1303 regni
968 1242 1314 1304 portiunculam
1340 1257 1618 1303 quamcum-

215 1330 306 1375 que
327 1316 531 1363 incolere
555 1335 637 1363 seu
659 1317 870 1364 habitare
889 1319 1097 1381 permissi
1124 1334 1297 1363 sumus.

279 1393 489 1437 Tentavit
525 1393 702 1455 aliquid
736 1410 869 1455 agere
907 1410 993 1456 pro
1027 1392 1164 1438 nobis
1198 1402 1304 1439 ante
1336 1393 1614 1451 triennium,

213 1465 318 1511 licet
348 1483 375 1513 a
402 1467 538 1513 nobis
566 1470 759 1515 minime
794 1469 1063 1531 requisitus,
1099 1484 1350 1529 generosus
1372 1477 1417 1514 et
1451 1479 1619 1531 potens

214 1541 460 1601 dominus,
495 1544 699 1590 domnus
727 1545 786 1590 de
816 1545 1106 1603 Castilione¹,
1146 1544 1284 1590 frater
1311 1545 1497 1590 illustris
1528 1563 1615 1592 co-

212 1621 334 1667 mitis
352 1622 409 1667 de
427 1623 629 1681 Lavalle,
649 1623 771 1669 circa
793 1622 909 1668 illud
928 1622 1071 1667 ferme
1089 1632 1272 1685 tempus
1285 1639 1398 1685 quo,
1416 1623 1617 1686 abrupto

213 1697 468 1742 arctissimo
503 1698 583 1744 illo
626 1699 796 1745 soedere
837 1698 967 1761 quod
1006 1699 1126 1744 inter
1164 1714 1320 1759 regem
1353 1698 1619 1762 ducemque

216 1773 603 1833 Burgundionum
628 1775 754 1838 apud
783 1776 1008 1821 Peronam
1041 1791 1314 1837 percussum
1340 1775 1509 1835 fuerat,
1537 1793 1612 1822 rex

214 1848 453 1895 Ambianis
474 1861 519 1896 et
538 1852 1062 1907 Sanctum-Quintilium
1088 1851 1241 1896 eidem
1261 1851 1366 1896 duci
1386 1851 1610 1899 abstulit2.

212 1925 304 1971 Sed
328 1942 423 1971 non
448 1927 575 1972 aliud
600 1943 687 1990 pro
709 1928 846 1973 nobis
868 1929 1020 1990 potuit
1043 1927 1256 1973 obtinere
1281 1944 1423 1990 quam
1443 1929 1615 1976 litteras

211 2001 451 2062 cujusdam
484 2004 757 2062 securitatis,
794 2020 877 2067 per
909 2020 1051 2067 quam
1085 2004 1357 2066 indulgebat
1382 2022 1460 2051 rex
1484 2007 1612 2069 quod

211 2094 370 2124 secure
386 2095 495 2123 cum
517 2078 688 2125 familia
707 2079 906 2126 ethonis
930 2097 1172 2143 possemus
1191 2081 1350 2126 venire
1370 2081 1429 2127 ad
1447 2082 1611 2127 urben]

212 2155 590 2201 Aurelianensem
614 2166 658 2201 et
684 2172 788 2202 eam
814 2158 1001 2216 intrare,
1030 2157 1216 2220 illicque
1245 2166 1363 2203 stare
1386 2168 1524 2221 atque
1548 2176 1614 2204 re-

212 2233 383 2278 morari
407 2231 582 2294 absque
605 2233 760 2294 aliqua
791 2232 899 2277 inde
924 2233 1191 2295 egrediendi
1216 2233 1448 2293 facultate,
1476 2246 1615 2298 atque

212 2307 270 2353 de
290 2310 442 2366 nobis,
460 2319 600 2372 prout
621 2308 708 2354 sibi
726 2309 907 2367 liberet,
934 2310 1026 2355 illic
1046 2326 1177 2355 suam
1193 2311 1397 2373 opperiri
1421 2311 1616 2374 disposi—

213 2384 388 2430 tionem
421 2395 464 2431 et
493 2387 801 2432 voluntatem.
838 2386 979 2448 Cujus
1015 2387 1272 2433 securitatis
1296 2404 1404 2433 cum
1436 2388 1496 2434 ad
1530 2405 1615 2433 nos

266 2522 303 2559 1.
335 2522 447 2558 Louis
477 2522 523 2559 ‹le
544 2522 729 2560 Chatillon
745 2554 754 2571 ,
781 2525 900 2574 grand
923 2521 1057 2559 maitre
1083 2531 1119 2560 et
1150 2523 1400 2559 reformateur
1427 2522 1493 2559 des
1516 2535 1612 2559 eaux

213 2590 248 2617 et
269 2582 402 2627 fore-ts,
425 2584 520 2620 frere
541 2584 587 2621 de
611 2585 683 2621 Gui
697 2614 707 2630 ,
729 2594 852 2622 comte
873 2585 918 2621 de
939 2584 1053 2621 Laval
1073 2613 1081 2628 ‚
1114 2586 1216 2620 XIVe
1236 2584 1286 2620 du
1306 2597 1395 2620 nom
1410 2612 1420 2629 ‚
1448 2592 1485 2620 et
1514 2586 1614 2622 aussi

213 2643 380 2681 d'Andre
399 2643 445 2680 (le
464 2645 579 2681 Laval
594 2674 603 2691 ,
628 2646 700 2682 sire
717 2646 763 2682 de
782 2646 931 2682 Loheac
946 2675 955 2691 ,
979 2647 1043 2694 qui
1066 2645 1122 2681 fut
1144 2645 1334 2682 marechal
1359 2644 1406 2680 de
1426 2647 1583 2685 France.

266 2707 303 2743 2.
335 2709 393 2741 Au
412 2716 736 2743 commencement
756 2707 803 2744 de
822 2707 896 2744 l'an
920 2709 1036 2745 1471.
1059 2709 1153 2755 Voy.
1178 2715 1203 2743 t.
1227 2708 1278 2752 ΙΙ,
1300 2720 1338 2755 p.
1363 2708 1452 2744 247.
