1875 2956
717 186 856 220 LIBER
892 187 1088 223 PRIMUS.
1529 192 1603 226 333

205 271 464 317 secutiones
480 272 722 317 imminere
739 275 1082 334 cognoscimus,
1105 274 1328 331 humana,
1349 291 1450 335 quai
1469 277 1605 321 nobis

205 357 446 410 suppetere
488 348 546 393 ad
582 349 690 394 talia
733 351 854 395 mala
888 352 1104 397 evitanda
1142 351 1343 396 remedia
1379 364 1601 413 possunt,

206 424 433 484 negligere
456 434 533 469 aut
564 426 908 487 praetermittere
938 427 1162 485 ignaviter
1188 443 1284 471 non
1311 426 1566 474 debeamus
1591 447 1600 473 :

205 499 354 559 quod,
398 500 559 561 procul
593 499 764 557 dubio,
806 516 903 544 non
935 501 1059 546 aliud
1104 512 1222 547 esset
1254 518 1396 564 quam
1429 513 1606 549 tentare

203 577 372 630 Deum,
398 576 525 637 quod
547 593 682 635 grave
700 585 944 639 peccatum
970 588 1052 623 est.

270 653 347 696 His
366 652 559 697 instituti
574 653 812 715 praeceptis
829 663 967 715 atque
988 653 1230 713 doctrinis,
1255 655 1485 701 innumeri
1509 674 1608 721 per-

203 729 347 773 sancti
370 730 472 786 viri,
501 746 608 774 cum
628 729 876 775 sententias
898 731 1279 792 persequentium
1299 732 1603 793 declinarent,

203 809 402 872 propriis
426 808 613 854 sedibus
636 809 829 867 relictis,
856 808 916 855 ad
937 819 1114 855 exteras
1138 812 1374 871 nationes,
1399 812 1481 858 ubi
1506 823 1606 860 tuto

207 885 471 930 delitescere
492 896 698 948 possent,
725 902 822 931 sese
843 886 1160 932 contulerunt.
1187 889 1383 934 Sanctus
1402 890 1606 936 Athana-

202 963 312 1021 sius,
339 962 601 1025 patriarcha
624 962 985 1021 Alexandrinus,
1016 965 1275 1010 Constantii
1300 966 1450 1012 vitans
1480 968 1606 1012 furo-

205 1056 317 1097 rem,
356 1040 588 1085 Treverim
623 1057 794 1103 usque,
840 1041 1102 1087 Germaniae
1138 1041 1332 1097 urbem,
1363 1044 1603 1106 pervenit3

203 1134 297 1179 quo
324 1118 427 1163 loco
450 1135 533 1182 per
558 1119 854 1181 septennium
878 1119 1023 1164 ferme
1044 1119 1195 1165 latuit.
1221 1123 1417 1166 Sanctus
1432 1122 1609 1168 Euche-

204 1195 314 1253 rius,
344 1195 682 1240 Aurelianensis
701 1195 966 1258 episcopus,
994 1196 1220 1242 Karolum
1242 1197 1505 1243 Martellum
1528 1197 1608 1243 de-

203 1271 368 1328 vitans,
397 1272 442 1316 in
467 1271 771 1318 Hasbaniam¹
794 1273 923 1318 venit
956 1283 1001 1319 et
1030 1273 1157 1336 apud
1186 1274 1607 1320 Sanctum-Trudo-

205 1365 310 1393 nem
353 1365 450 1395 sese
488 1348 708 1395 occuluit.
756 1352 952 1396 Sanctus
988 1349 1216 1410 Thomas,
1263 1351 1608 1397 Cantuariensis

202 1425 432 1487 pontifex,
461 1426 580 1486 regis
610 1426 866 1486 Anglorum
891 1425 1139 1472 adversum
1164 1443 1212 1472 se
1235 1426 1607 1487 indignationem

203 1518 299 1547 non
323 1501 406 1547 abs
430 1518 478 1547 re
506 1513 737 1561 metuenS,
762 1511 932 1564 sponte
961 1512 1126 1548 contra
1150 1504 1268 1564 regis
1290 1503 1513 1548 mandata
1535 1513 1607 1549 at-

201 1594 291 1640 que
326 1588 557 1642 praecepta
593 1579 651 1624 de
689 1579 873 1640 Anglia,
916 1596 1012 1625 uno
1049 1581 1151 1625 solo
1178 1581 1349 1628 comite
1377 1582 1603 1638 sociatus,

201 1656 415 1702 clanculo
439 1656 578 1702 exivit
600 1666 646 1702 ct
674 1656 722 1701 in
747 1656 991 1702 Franciam
1015 1657 1167 1714 venit,
1201 1656 1281 1702 ubi
1309 1673 1337 1703 a
1360 1657 1487 1702 dicto
1515 1660 1606 1702 An-

202 1732 384 1793 glorum
410 1750 516 1794 rege
545 1733 769 1795 plurimas
793 1733 979 1778 interim
1002 1742 1098 1778 tam
1125 1734 1171 1778 in
1202 1750 1249 1778 se
1274 1750 1417 1796 quam
1441 1734 1488 1779 in
1514 1735 1608 1780 suis

202 1826 362 1872 passus
400 1810 590 1871 injurias
626 1819 669 1855 et
705 1811 1074 1872 persecutiones,
1111 1811 1408 1873 septennium
1436 1812 1603 1872 exegit.

202 1888 291 1942 Qui
328 1888 467 1932 etiam
505 1887 612 1932 satis
646 1887 861 1949 exemplo
902 1888 1009 1942 suit,
1054 1903 1161 1932 cum
1201 1888 1413 1933 simulate
1452 1889 1607 1951 potius

201 1980 342 2025 quam
366 1981 420 2009 ex
446 1963 537 2008 fide
572 1973 674 2009 acta
702 1979 817 2026 pace
845 1979 927 2009 sua
953 1963 1012 2009 ad
1046 1964 1258 2026 proprias
1291 1964 1422 2009 sedes
1446 1964 1602 2023 rediit,

202 2041 364 2103 quanti
387 2041 579 2103 periculi
602 2041 658 2085 sit
688 2040 746 2086 de
769 2040 902 2086 hoste
926 2050 1065 2102 atque
1088 2041 1280 2085 inimico
1305 2042 1605 2087 reconciliato

201 2117 455 2163 confidere.
495 2121 692 2163 Sanctus
726 2134 915 2180 quoque
962 2117 1293 2175 Eadmundus,
1342 2118 1422 2180 qui
1453 2118 1605 2164 eidem

200 2193 339 2240 beato
374 2194 562 2239 'l'homae
595 2194 643 2238 in
682 2194 906 2254 regimine
941 2193 1149 2254 ejusdem
1178 2194 1379 2239 ecclesiae
1409 2196 1607 2240 Cantua-

204 2272 381 2328 riensis,
410 2287 506 2316 non
529 2280 685 2317 tamen
717 2271 984 2316 immediate
1006 2270 1251 2328 succedit2‚
1280 2270 1342 2316 ob
1370 2272 1603 2317 molestias

203 2364 302 2409 quse
335 2347 422 2392 sibi
454 2347 786 2410 ingerebantur
816 2349 864 2393 in
895 2348 1080 2408 Anglia,
1111 2349 1381 2394 transmisso
1412 2348 1528 2394 freto
1556 2349 1600 2393 in

203 2425 399 2470 Galliam
421 2426 565 2483 venit,
598 2425 776 2487 fugiens
798 2435 1151 2488 persecutorum
1175 2426 1382 2487 injurias,
1411 2436 1456 2471 et
1478 2425 1604 2488 apud

257 2611 294 2644 1.
326 2610 376 2644 Le
395 2621 486 2658 pays
507 2608 553 2644 de
572 2608 744 2658 Hesbayc
759 2638 767 2654 ‚
789 2609 1004 2660 dependant
1022 2609 1069 2646 de
1087 2610 1183 2646 celui
1205 2608 1252 2646 de
1272 2609 1399 2660 Liege.

256 2671 293 2706 2.
327 2669 429 2706 Saint
449 2669 580 2715 Edme,
600 2670 839 2719 archeveque
858 2671 904 2707 de
923 2671 1156 2720 Cantorbery
1176 2683 1222 2707 en
1245 2672 1361 2707 1233.
