1875 2956
237 254 310 287 :30¹2
789 252 1032 287 APOLOGIA
1051 280 1059 295 ,

234 340 496 403 premitur),
523 341 730 402 quinque
761 338 821 385 ad
848 355 1048 401 praesens
1069 340 1487 402 considerationes,
1519 344 1638 391 ultra

235 418 333 465 illas
359 435 475 482 quas
503 419 600 481 ipse
625 415 950 479 Lugdunensis
971 416 1132 476 refert,
1160 418 1381 480 speciales
1412 422 1558 483 magis
1593 433 1639 468 et

233 495 293 540 ad
317 511 477 541 casum
511 495 592 556 qui
616 510 702 539 nos
733 494 964 555 contingit
999 495 1395 557 appropriatiores
1423 507 1468 542 et
1501 515 1640 561 pecu--

232 571 442 617 liariores
468 571 673 618 breviter
696 569 975 630 referemus,
999 570 1172 633 quibus
1189 571 1317 617 velut
1336 572 1556 619 antidotis
1579 575 1639 621 ad

232 647 556 693 deliniendum
584 658 629 694 et
661 647 1009 694 dulcorandum
1048 664 1241 693 omnem
1278 658 1446 693 nostrae
1477 653 1640 698 amari-

232 724 446 770 tudinem
469 726 823 788 persecutionis,
846 725 1006 782 exsilii,
1033 724 1196 771 damni
1220 724 1293 770 vel
1310 725 1517 787 jacturae,
1543 743 1640 774 om-

233 817 434 863 nemque
459 801 636 848 doloris
664 819 719 848 ac
743 801 1026 865 aegritudinis
1048 803 1145 847 vim
1179 818 1260 847 seu
1286 802 1541 866 impetum,
1572 805 1639 850 uti

231 877 464 938 solemus,
507 895 677 942 easque
715 878 1064 941 insurgentibus
1107 878 1346 924 interdum
1394 879 1466 924 vel
1506 881 1640 927 surri-

230 954 467 1017 pientibus
491 956 715 1002 dolorum
746 957 966 1017 stimulis,
1000 957 1125 1003 velut
1157 972 1289 1003 arma
1314 957 1477 1003 validae
1502 967 1548 1003 et
1569 958 1641 1004 in-

230 1032 359 1079 victae
382 1033 694 1093 defensionis,
725 1050 987 1097 opponere.

294 1111 452 1157 Prima
480 1112 695 1174 quidem,
727 1111 858 1175 quod
878 1128 1040 1158 amore
1058 1112 1244 1174 justitia:
1272 1122 1317 1157 et
1338 1112 1449 1158 odio
1471 1113 1642 1175 iniqui-

230 1189 333 1234 tatis
362 1198 501 1252 atque
525 1190 785 1252 tyrannidis
806 1206 893 1236 nos
913 1190 1169 1253 impiorum
1195 1190 1443 1236 incurrisse
1465 1190 1640 1236 calum-

230 1266 329 1318 nias
355 1275 400 1311 et
427 1267 803 1329 persecutionem
835 1284 1019 1331 passm,
1053 1277 1100 1313 et
1134 1283 1233 1312 non
1268 1268 1359 1313 alia
1387 1284 1443 1313 ex
1474 1283 1636 1327 causa,

228 1352 447 1405 putamus
467 1352 606 1406 atque
635 1345 684 1389 in
708 1345 916 1389 Domino
949 1343 1250 1390 confidimus.
1279 1346 1396 1390 Nam
1425 1360 1535 1389 cum
1552 1380 1564 1403 ,
1591 1354 1641 1389 ut

228 1435 369 1482 supra
402 1420 540 1466 latius
580 1421 851 1479 retulimus,
893 1420 1159 1466 videremus
1194 1421 1464 1482 gravissime
1500 1429 1640 1483 atque

228 1495 566 1543 immanissime
609 1497 669 1543 ab
709 1498 881 1560 iniquis
921 1498 1192 1543 universum
1235 1498 1467 1561 populum
1511 1496 1639 1558 regni

231 1573 502 1635 (praesertim
534 1575 786 1637 prswinciae
826 1575 1150 1634 Normanniae,
1193 1585 1333 1636 atque
1357 1575 1497 1619 etiam
1532 1589 1638 1636 per-

227 1651 428 1712 amplius
455 1660 623 1696 nostrae
656 1651 888 1712 dioecesis)
923 1651 1127 1714 opprimi
1152 1660 1197 1695 et
1218 1651 1412 1695 lacerari
1435 1651 1482 1695 in
1507 1650 1638 1695 omni

227 1726 478 1771 hominum
501 1736 638 1784 statu,
670 1727 817 1788 gradu
850 1737 893 1772 et
921 1727 1111 1786 ordine,
1136 1743 1438 1787 omnemque,
1463 1726 1498 1770 si
1524 1726 1637 1787 quid

227 1802 382 1849 adhuc
417 1820 471 1848 ex
508 1803 744 1867 prioribus
784 1804 1039 1865 tyrannicis
1073 1802 1458 1866 usurpationibus
1500 1813 1639 1865 atque

228 1880 612 1944 oppressionibus
636 1882 852 1928 relictum
876 1898 973 1927 esse
996 1891 1238 1945 potuerat,
1265 1880 1457 1927 cuilibet
1484 1880 1639 1926 homi-

228 1975 342 2003 num
383 1959 521 2004 statui
553 1960 669 2022 eripi
709 1958 996 2018 libertatem,
1039 1968 1084 2004 et
1122 1974 1287 2003 omnes
1321 1957 1640 2003 indifferenter

227 2035 480 2082 miserabili
520 2035 733 2082 addictos
759 2036 996 2096 servituti,
1035 2045 1215 2081 tantam
1241 2034 1513 2096 injustitiam
1538 2044 1638 2079 tan—

228 2122 388 2174 tasque
420 2123 465 2158 et
488 2123 584 2159 tam
611 2129 772 2175 graves
794 2113 986 2175 injurias
1014 2112 1392 2174 calamitatesque
1426 2111 1638 2175 publicas

228 2200 273 2235 et
310 2190 513 2253 privatas
551 2206 686 2252 aequo
715 2191 876 2237 animo
913 2206 1000 2236 nec
1031 2190 1259 2254 perferre,
1289 2206 1375 2235 nec
1406 2189 1564 2235 videre
1592 2200 1639 2235 et

229 2266 399 2310 intueri
423 2275 710 2328 poteramus.

294 2345 461 2388 Fuerat
510 2343 752 2406 provincia
803 2342 890 2389 sub
936 2342 1192 2403 Anglorum
1231 2342 1455 2405 imperio,
1507 2351 1638 2387 aetate

230 2429 405 2479 nostra,
432 2420 513 2482 qui
539 2429 717 2466 veteres
740 2420 897 2465 hostes
920 2419 1079 2482 patriae
1094 2428 1386 2482 reputantur,
1414 2421 1514 2463 Deo
1539 2434 1639 2481 per-

229 2497 465 2552 mittente,
507 2507 696 2558 regnata
723 2507 767 2541 et
793 2512 1002 2560 possessa
1025 2512 1175 2542 annos
1201 2496 1402 2559 amplius
1431 2495 1632 2557 triginta.

230 2573 413 2629 Quibus
444 2573 826 2631 decurrentibus,
862 2573 1047 2636 quantis
1085 2573 1319 2636 completa
1353 2572 1485 2617 suerit
1520 2571 1638 2618 cala-

230 2651 489 2711 mitatibus,
527 2662 627 2698 tum
661 2652 721 2698 ab
758 2652 865 2715 ipsis
900 2651 1118 2714 Anglicis,
1157 2661 1258 2696 tum
1292 2659 1336 2695 et
1373 2649 1574 2695 maxime
1611 2664 1638 2694 a

229 2731 371 2777 Gallis
404 2748 484 2776 eos
519 2731 628 2777 inde
664 2730 893 2795 expellere
923 2730 1151 2775 continuo
1184 2726 1494 2783 conantibus,
1540 2741 1636 2771 non
