1875 2956
262 241 281 274 7
289 240 309 274 6
623 237 958 273 HISTORIARUM
989 237 1221 273 LUDOVICI
1250 240 1303 273 XI

262 329 401 374 ducta
427 326 613 373 cuidam
648 324 779 370 militi
804 326 1016 386 Reynero
1043 323 1101 369 de
1126 324 1469 386 Broeclsuysen¹
1499 336 1545 371 et
1567 325 1666 371 cui-

261 405 372 451 dam
394 404 597 450 Henrico
620 402 677 447 de
704 399 923 447 Nievelde
937 401 950 422 ²
972 400 1222 446 commissa
1244 400 1343 446 fuit.

326 482 383 527 Hi
407 491 562 527 autem
584 479 676 525 alio
699 479 773 524 se³
798 477 1031 540 proficisci
1055 477 1173 522 velle
1198 477 1484 537 simulantes,
1514 479 1668 525 celan·

262 568 421 621 [esque
442 557 737 621 propositum
758 554 887 617 quod
911 564 1068 600 mente
1090 564 1428 618 conceperant,
1455 555 1513 600 ad
1542 555 1665 602 idem

260 636 498 698 Leydense
519 633 750 698 oppidum
770 641 915 678 noctu
939 632 1281 696 applicuerunt.
1311 634 1421 678 Erat
1441 640 1539 677 tum
1564 634 1668 695 gelu

261 713 369 758 satis
393 728 637 774 asperum,
669 711 732 756 ita
760 711 817 755 ut
839 725 986 772 aqua,
1017 725 1110 771 qua
1139 710 1293 772 ipsum
1317 707 1547 772 oppidum
1570 710 1668 754 cin-

262 789 399 851 gitur,
438 788 485 832 in
514 788 708 848 glaciem
736 787 903 832 durata
923 824 934 846 ,
966 787 1085 832 sicca
1115 796 1161 832 et
1188 785 1338 831 solida
1360 784 1552 846 vestigia
1576 786 1670 831 cal-

260 864 476 910 cantibus
516 864 647 909 facile
684 863 927 928 przrbcret.
979 864 1268 909 Transmisso
1315 863 1472 924 itaque
1519 861 1667 921 vallo,

261 941 511 1005 oppidanis
553 941 669 986 nihil
701 941 869 987 hostile
908 940 1287 1004 suspicantibus,
1326 939 1406 985 sed
1439 939 1486 984 in
1522 939 1673 985 stratis

261 1019 354 1063 suis
387 1034 547 1063 secure
587 1018 935 1080 quiescentibus
956 1054 967 1076 ,
994 1015 1322 1079 hujuscemodi
1355 1015 1532 1061 exsules
1563 1032 1671 1061 cum

260 1112 346 1141 suo
379 1096 607 1141 comitatu
644 1095 1033 1158 Trajectensium,
1070 1095 1202 1139 nullo
1232 1093 1507 1151 obsistente,
1536 1094 1672 1157 oppi-

261 1171 375 1217 dum
411 1172 720 1236 irrumpunt'ss
752 1171 891 1227 Quod
924 1172 987 1217 ita
1022 1171 1244 1232 ingressi,
1284 1169 1673 1216 concurrentibus

261 1249 320 1295 ad
353 1266 400 1295 se
432 1250 532 1295 aliis
567 1250 613 1294 in
641 1265 698 1294 eo
731 1248 909 1312 oppido
943 1264 1035 1293 suae
1067 1247 1298 1305 factionis,
1326 1245 1673 1292 Hoeckensium

261 1326 451 1385 scilicet,
478 1342 535 1371 eo
559 1325 683 1370 illico
708 1325 844 1389 potiti
869 1325 1017 1369 suntf’.
1040 1324 1125 1369 Cui
1149 1323 1402 1386 inopinata?
1424 1322 1671 1385 irruptioni

261 1419 369 1447 cum
394 1402 458 1447 illi
482 1402 684 1449 adversae
715 1402 954 1460 sactioniS,
987 1392 1092 1447 licet
1126 1401 1266 1462 longe
1289 1400 1445 1462 plures
1474 1415 1672 1444 numero

261 1489 306 1524 et
347 1479 516 1543 opibus
560 1479 848 1542 potentiores
888 1487 1069 1537 essent,
1105 1477 1247 1522 veluti
1288 1477 1386 1538 jam
1417 1476 1588 1538 captivi
1630 1486 1674 1521 et

262 1555 468 1616 subacti,
496 1555 645 1601 obniti
676 1572 773 1601 non
800 1554 1043 1613 auderent,
1071 1571 1125 1600 ex
1156 1554 1265 1617 ipsis
1288 1554 1470 1599 circiter
1496 1570 1571 1613 XL,
1600 1554 1672 1599 di-

263 1635 402 1697 reptis
451 1633 672 1679 domibus
723 1633 816 1678 suis
834 1634 863 1692 ⁶,
908 1633 956 1677 in
994 1632 1132 1678 variis
1171 1632 1287 1677 locis
1331 1631 1418 1677 sub
1461 1632 1674 1677 custodia

263 1710 416 1756 traditi
451 1719 587 1768 sunt;
614 1718 958 1770 tenueruntque
996 1708 1176 1753 exsules
1205 1723 1314 1751 cum
1338 1707 1437 1751 aliis
1463 1723 1554 1752 sua·
1586 1706 1674 1752 sac-

263 1787 403 1831 tionis
430 1785 684 1850 oppidum,
713 1801 810 1831 sese
836 1784 895 1830 de
919 1784 1120 1830 inimicis
1155 1784 1262 1829 satis
1296 1783 1513 1829 atrociter
1537 1783 1672 1828 ulcis-

261 1873 419 1908 centes
446 1873 492 1908 et
521 1863 671 1908 varias
694 1862 872 1925 praedas
902 1871 1041 1923 atque
1065 1860 1251 1924 rapinas
1274 1875 1361 1923 pro
1385 1858 1519 1906 libito
1543 1876 1672 1905 exer-

262 1949 434 1985 centes.

329 2019 501 2062 Verum
530 2017 606 2062 tali
635 2026 736 2062 astu
766 2026 811 2061 et
841 2015 953 2061 dolo
980 2014 1067 2061 sibi
1099 2024 1260 2078 parata
1290 2015 1541 2060 auctoritas
1573 2030 1668 2059 non

320 2207 353 2241 l.
384 2205 535 2252 Rcyncr
556 2214 630 2238 van
650 2201 890 2238 Brocchusen
912 2200 1001 2237 etait
1016 2200 1063 2236 de
1082 2200 1117 2236 la
1136 2199 1281 2236 maison
1304 2198 1350 2235 de
1371 2196 1584 2234 Brederodc
1603 2211 1671 2248 par

262 2279 301 2303 sa
327 2265 444 2309 merc,
478 2273 513 2300 ct
544 2264 642 2300 avait
671 2266 690 2300 a
716 2276 858 2313 renger
884 2275 942 2299 ses
968 2262 1096 2298 oncles
1126 2260 1297 2310 Reynold
1321 2260 1367 2296 de
1394 2259 1607 2297 Brederodc
1635 2269 1670 2296 ct

260 2327 424 2371 Gisbert,
443 2325 538 2372 jadis
562 2326 775 2375 pcrscciitcs
795 2338 863 2375 par
881 2325 1054 2373 l'cchuc
1075 2323 1283 2360 ‹l‘Utrecbt.

312 2402 350 2436 Ξ.
383 2399 562 2435 Menelde
582 2397 674 2433 dans
691 2397 725 2432 lc
746 2409 815 2433 ms.
842 2395 1038 2431 Matthaeus
1058 2408 1079 2430 a
1100 2394 1251 2430 restituit
1273 2405 1316 2429 cc
1336 2405 1424 2429 nom
1450 2392 1597 2442 d'apres
1618 2394 1670 2430 les

258 2461 532 2510 cbroniqueurs
552 2457 778 2503 bollandais,
803 2474 820 2491 <t
838 2457 1003 2493 chrico
1024 2459 1055 2493 Z
1061 2458 1168 2504 mylen
1188 2469 1211 2491 α
1232 2458 1400 2501 Nyeoelt.
1420 2470 1438 2488 n

314 2533 350 2567 3.
382 2534 442 2567 Sic
466 2527 676 2564 Maithaens.
701 2531 817 2574 [θυεμ
834 2526 927 2563 dans
947 2525 981 2561 lc
1001 2538 1070 2561 nis.

314 2599 349 2633 4.
382 2595 593 2640 Matthaeus,
621 2596 809 2631 invadant.

316 2668 350 2701 ὃ.
384 2666 427 2701 21
450 2664 598 2710 jam-im·
618 2666 711 2701 1481
738 2665 856 2711 (1480
877 2662 980 2699 selon
1001 2661 1142 2711 l'usage
1162 2660 1208 2697 dc
1228 2663 1399 2707 France).

316 2735 351 2768 6.
385 2735 487 2768 Dans
506 2731 716 2776 Manhaeus,
743 2747 759 2763 α
776 2730 924 2767 circiter
944 2742 995 2766 xv
1014 2729 1167 2779 direptis
1188 2728 1361 2765 domibus
1382 2728 1469 2764 suis.
1489 2745 1505 2760 >1
