1875 2956
643 175 689 209 Ll
695 174 787 209 BER
815 172 1010 209 PRIMUS.
1449 175 1523 211 287

136 268 301 322 negata
317 258 419 303 suit.
440 259 727 318 Secundum,
744 269 810 318 ut,
829 259 1054 321 quoniam
1069 272 1147 302 rex
1167 266 1329 301 nostro
1353 259 1419 302 uti
1439 276 1528 304 ser-

135 335 249 380 vitio
273 335 559 394 decerneret,
589 336 727 381 nobis
753 336 810 381 de
836 335 992 396 aliqua
1016 332 1280 379 rationabili
1304 333 1528 395 pensione

131 412 377 474 providere
398 413 560 470 vellet,
587 422 631 458 et
653 429 756 458 eam
781 411 918 457 nobis
936 422 1133 457 statuere
1153 419 1292 473 atque
1312 410 1530 456 ordinare

132 496 239 533 ante
263 504 492 534 recessum
526 499 754 534 nostrum.
785 491 939 543 Quam
965 488 1239 550 petitionem
1270 486 1367 549 ipse
1393 486 1531 532 ratio-

133 560 338 606 nabilem
368 562 482 618 fore,
511 563 651 624 idque
679 562 832 623 ipsum
860 562 922 606 ita
951 561 1206 621 intelligere
1231 570 1276 605 et
1299 560 1529 605 facturum

132 653 229 683 esse
265 639 519 701 respondit.

198 717 302 770 Qua
335 716 432 778 ejus
461 716 561 761 freti
590 715 909 778 responsione,
944 731 1027 777 per
1055 713 1246 776 aliquod
1270 723 1454 777 tempus
1484 714 1531 759 in

133 792 230 853 ejus
253 793 380 838 curia
402 792 629 838 demorati
661 808 820 836 sumus
841 828 851 849 ,
883 791 1129 836 offerentes
1149 806 1332 853 semper
1357 807 1443 836 nos
1474 790 1532 836 ad

135 868 526 930 proficiscendum
563 878 729 932 praesto
769 869 883 926 sore,
929 868 1325 930 quandocumque
1371 868 1536 914 liberet

136 948 267 1008 regia*
291 947 551 992 celsitudini
572 947 629 992 de
652 946 923 1008 hujusmodi
944 946 1170 1008 pensione
1185 946 1279 991 sive
1302 945 1534 1008 stipendio

136 1024 369 1070 ordinare.
395 1027 451 1070 Et
473 1024 672 1070 libenter
698 1023 889 1085 quidem
912 1022 1258 1086 accipiebamus
1285 1023 1414 1085 quod
1438 1039 1535 1069 non

136 1100 229 1145 cito
253 1110 331 1146 aut
363 1103 587 1147 maturius
611 1117 748 1164 super
770 1100 1040 1162 hujusmodi
1071 1100 1317 1146 statuendo
1347 1109 1391 1145 et
1412 1099 1537 1145 ordi-

136 1177 295 1223 nando
324 1178 460 1224 nobis
489 1178 746 1224 honorario
779 1177 1118 1241 provideretur.
1162 1176 1539 1240 Opperiebamur

136 1255 262 1299 enim
286 1255 572 1317 pedetentim
604 1265 653 1301 ut.
685 1254 870 1300 hiberni
903 1255 1190 1317 praeterirent
1214 1271 1426 1314 menses,
1459 1254 1539 1316 qui

137 1330 196 1375 ad
218 1331 381 1391 longas
404 1332 801 1393 peregrinationes
835 1331 1020 1375 molesti
1062 1346 1158 1375 esse
1194 1330 1373 1388 solent,
1412 1339 1457 1375 et
1490 1339 1540 1374 ut

137 1407 323 1451 vernale
346 1407 519 1452 rediret
546 1417 750 1469 tempus,
771 1407 817 1451 in
837 1423 956 1468 quo,
993 1407 1029 1451 si
1053 1405 1450 1469 proficiscendum
1475 1405 1542 1451 fo-

137 1491 231 1541 ret,
277 1484 519 1528 renovatio
558 1483 670 1528 anni
713 1498 932 1528 curarum
971 1481 1107 1527 nobis
1147 1490 1287 1545 atque
1322 1482 1543 1528 laborum

138 1558 372 1604 molestias
413 1568 666 1619 utcumque
713 1558 917 1603 efficeret
959 1558 1171 1604 leviores.
1215 1558 1358 1604 Nobis
1402 1559 1541 1605 etiam

138 1635 368 1681 nonnulla
388 1635 543 1681 adhuc
565 1652 669 1699 spes
690 1635 909 1681 manebat
924 1651 1079 1696 regem
1094 1634 1296 1680 decursu
1318 1637 1543 1699 temporis

140 1711 200 1757 ad
217 1728 304 1756 nos
327 1711 572 1757 deflectere
595 1728 730 1775 posse
751 1712 963 1757 animum
982 1711 1241 1770 mitiorem,
1262 1721 1314 1756 ut
1332 1721 1428 1756 tam
1449 1728 1546 1757 mo-

141 1787 255 1833 lesto
280 1787 417 1833 nobis
436 1789 596 1834 exsilio
616 1798 754 1849 atque
776 1788 1038 1849 longinquo
1060 1787 1339 1833 levaremur.
1362 1807 1384 1831 «
1404 1789 1544 1845 Quod

142 1865 267 1909 enim
290 1865 408 1910 ratio
439 1866 626 1927 nequit,
653 1881 771 1928 saepe
809 1865 989 1910 sanavit
1015 1880 1170 1924 mora,
1202 1883 1224 1908 »
1254 1875 1306 1910 ut
1327 1867 1546 1929 Tragicus

143 1943 326 1988 cecinit.

212 2019 347 2066 Unde
371 2021 419 2065 in
441 2020 769 2083 prosecutione
792 2019 923 2065 dicta*
947 2020 1188 2082 pensionis
1214 2036 1300 2066 nos
1323 2019 1443 2067 duos
1469 2032 1547 2068 aut

145 2105 233 2143 tres
258 2113 441 2143 menses
463 2097 787 2158 transegimus,
819 2097 997 2142 curiam
1024 2112 1206 2160 semper
1230 2105 1274 2142 et
1299 2098 1546 2144 consilium

144 2175 322 2237 regium
364 2173 477 2219 illud
516 2190 739 2236 magnum
779 2183 917 2235 atque
959 2173 1204 2237 publicum
1239 2184 1516 2221 assectantes
1533 2213 1544 2235 ,

145 2251 551 2297 comminiscentes
589 2250 825 2296 interdum
870 2260 922 2295 ut
971 2250 1110 2297 nobis
1146 2267 1285 2314 super
1322 2252 1549 2314 pensione

146 2329 350 2390 provisio
375 2328 581 2387 daretur,
620 2328 751 2389 cujus
788 2327 888 2373 sola
926 2326 1087 2373 dilatio
1126 2337 1336 2373 nostram
1370 2328 1550 2391 profec-

148 2405 324 2450 tionem
345 2405 599 2461 detineret,
631 2405 841 2450 modeste
866 2413 1022 2450 tamen
1047 2413 1090 2449 et
1120 2404 1296 2467 absque
1319 2405 1547 2467 importu-

151 2482 291 2527 nitate
318 2481 364 2527 id
394 2492 595 2545 agentes.
635 2485 689 2527 Et
723 2499 831 2527 cum
873 2481 1140 2544 frequenter
1177 2498 1335 2544 regem
1378 2482 1550 2526 intrare

151 2557 475 2618 hujuscemodi
519 2559 767 2604 consilium
809 2558 1099 2618 videremus,
1152 2575 1332 2620 nosque
1380 2559 1551 2621 pariter

154 2633 245 2678 illic
268 2634 406 2678 etiam
431 2633 593 2678 sedulo
616 2634 832 2679 interesse
858 2634 1050 2692 videret,
1076 2650 1287 2696 saepeque
1307 2634 1459 2696 ipsum
1475 2651 1549 2680 ro-
