1875 2956
299 223 346 255 9ss
658 215 993 251 HISTORIARUM
1023 214 1254 250 LUDOVICI
1281 215 1336 251 xl

299 324 440 371 quam
456 344 467 366 ,
495 307 592 351 sine
609 303 755 349 dubio
771 339 782 360 ,
815 301 953 362 longe
978 300 1177 362 amplior
1195 316 1414 346 numerus
1433 302 1616 346 eorum'
1636 298 1694 343 de

298 380 645 430 honestioribus
682 376 885 436 civibus,
935 376 1013 438 qui
1047 375 1105 421 ad
1127 376 1387 438 parendum
1405 386 1542 438 atque
1566 374 1697 421 obse-

299 459 541 524 quendum
563 472 647 502 suo
671 453 881 518 pontifici
918 452 1256 512 afficiebantur,
1295 454 1545 514 exsisteret)
1577 453 1697 515 quis-

300 554 391 600 que
447 544 541 581 erat
591 533 671 594 qui
721 541 884 577 contra
937 530 1122 576 decreta
1160 530 1230 574 vel
1286 529 1697 575 inordinatissimas

302 613 542 659 rebellium
575 609 843 656 affectiones
867 608 1034 653 mutire
1068 607 1259 652 auderet
1290 624 1299 651 ε
1337 607 1384 650 in
1409 615 1538 651 tanto
1573 616 1697 651 metu

301 708 354 737 ac
378 689 515 735 minis
538 686 886 750 premebantur.

371 771 514 828 Atque
552 781 683 823 cum,
714 763 884 808 infecto
912 763 1038 825 pacis
1078 762 1288 822 negotiO,
1330 760 1465 821 legati
1509 760 1701 805 civitatis

303 844 501 890 domum
527 858 581 887 ex
612 840 860 887 Brabantia
882 839 1203 896 revertissent,
1233 854 1455 898 magnum
1489 836 1701 882 ruthero-

303 937 406 965 rum
432 935 709 977 numerum,
743 917 954 979 equitum
995 925 1132 976 atque
1162 913 1372 977 peditum
1399 951 1409 972 ,
1440 912 1704 958 rebellionis

305 1006 520 1042 auctores
550 994 882 1056 undecumque
922 1000 1161 1055 poterant,
1200 990 1518 1045 adsciverum3
1565 990 1627 1035 ita
1654 999 1704 1035 ut

307 1072 483 1135 absque
520 1069 815 1128 difficultate,
846 1069 881 1113 si
911 1068 976 1112 eis
1002 1066 1234 1127 libuisset,
1258 1076 1303 1111 et
1330 1066 1529 1129 diripere
1553 1066 1706 1112 civita-

304 1159 422 1208 tem,
461 1158 506 1194 et
548 1148 671 1192 cives
708 1145 939 1191 trucidare
979 1145 1262 1207 potuissent,
1309 1143 1394 1189 nisi
1428 1143 1521 1188 hoc
1548 1142 1706 1188 divina

308 1226 540 1272 miseratio
565 1223 814 1270 avertisset.
846 1224 964 1267 Cum
988 1221 1061 1266 his
1084 1221 1238 1284 itaque
1265 1219 1504 1284 praedandi
1523 1234 1577 1264 ac
1599 1234 1706 1281 spo-

310 1304 455 1350 liandi
495 1302 832 1360 instrumentis,
872 1300 1045 1362 junctis
1069 1316 1177 1344 cum
1215 1299 1280 1344 eis
1297 1297 1502 1356 civibus,
1530 1296 1710 1359 quoties

308 1390 354 1425 et
393 1380 453 1425 ad
495 1395 700 1441 quorum
750 1392 999 1422 numerum
1032 1374 1292 1420 rectoribus
1316 1375 1544 1438 imperare
1586 1372 1708 1418 colli-

309 1457 507 1516 buisset,
563 1456 788 1519 patriam,
847 1464 943 1499 tam
994 1469 1152 1512 suam,
1218 1469 1359 1514 quam
1414 1450 1710 1496 Hollandiam

309 1534 537 1592 vicinam,
580 1533 866 1577 incursantes
913 1528 993 1590 (id
1033 1529 1184 1591 ipsum
1224 1529 1362 1573 etiam
1403 1526 1710 1590 stipendiariis

313 1609 520 1672 episcopi
540 1618 585 1653 et
609 1605 865 1652 Hollandiae
889 1622 913 1649 e
935 1604 1117 1649 diverso
1141 1603 1484 1665 referentibus),
1506 1618 1713 1664 quaqua-

313 1701 527 1742 versum,
566 1700 710 1744 usque
742 1682 802 1727 ad
844 1681 930 1725 tria
972 1690 1017 1725 et
1056 1690 1258 1742 quatuor
1287 1680 1499 1726 milliaria
1524 1680 1710 1742 patriae,

314 1760 557 1819 incendiis,
600 1758 802 1805 cred-ibus
825 1773 878 1802 ac
914 1757 1087 1819 rapinis
1125 1767 1375 1816 vastatam,
1405 1756 1618 1802 abrasam
1639 1755 1716 1800 de-

314 1847 575 1899 sertamque
601 1836 822 1881 fecerunt.

768 2030 1099 2073 CAPlTULUM
1134 2029 1294 2073 XXVI.

319 2159 509 2200 Quomodo
527 2159 955 2204 Trajectensesdominum
974 2160 1259 2206 Englielbcrtum,
1275 2160 1412 2192 fratrem
1431 2158 1528 2191 ducis
1539 2157 1718 2198 (Llivensis,

367 2217 401 2249 in
431 2217 549 2262 patriae
574 2216 789 2249 defensorem
813 2215 1052 2258 adsciverunt3
1076 2224 1108 2249 et
1130 2215 1173 2248 dv
1195 2214 1290 2248 clade
1312 2214 1585 2259 Trajcctensium
1606 2213 1640 2246 in
1664 2212 1720 2245 die

368 2274 472 2306 sancti
493 2272 671 2317 Stephani,
697 2281 727 2306 ‹·t
749 2285 869 2317 magna
892 2271 1036 2305 civitatis
1053 2270 1276 2305 desolatione.

391 2402 607 2447 ‘ridentes
640 2418 782 2463 porro
832 2410 1032 2446 rectores
1066 2399 1262 2443 civitatis
1298 2415 1344 2443 se
1389 2415 1484 2443 non
1519 2398 1720 2460 potuisse

323 2479 543 2539 consequi
569 2495 754 2541 pacem,
793 2493 934 2538 quam
978 2475 1151 2520 habere
1195 2486 1493 2538 speraverant
1524 2485 1599 2520 aut
1625 2493 1722 2537 spe-

328 2572 446 2601 rasse
473 2554 699 2599 finxerant
725 2570 804 2600 seu
845 2552 1197 2611 simulaverant,
1226 2569 1332 2596 cum
1373 2552 1490 2597 duce
1536 2555 1722 2599 Austriar

384 2695 413 2726 l.
449 2694 517 2726 ΙΝ,
540 2688 635 2724 deux
662 2696 778 2724 textos
797 2688 1040 2724 introclnis.‹=11÷
1059 2689 1101 2723 ici
1124 2700 1172 2722 un
1193 2698 1283 2722 esset
1305 2698 1380 2725 tout
1402 2691 1422 2724 «²1
1444 2689 1506 2725 sait
1524 2689 1666 2725 inutile.
