1875 2956
294 221 367 256 ¹98
655 220 990 255 HISTORIARUM
1019 221 1078 255 1AE
1087 221 1251 258 DOVICI
1280 225 1333 259 XI

294 306 483 351 inferius
515 315 677 350 natum
698 307 732 347 ¹.
771 305 827 349 Hi
858 305 985 350 enim
1011 315 1056 350 et
1081 306 1235 367 plures
1259 308 1394 366 tales,
1425 312 1551 374 apud
1586 328 1692 357 eum

294 383 537 428 calumniis
578 384 912 440 innocentum,
951 381 1071 427 dolis
1102 398 1156 428 ac
1179 383 1353 446 rapinis
1392 395 1542 433 tantas
1583 404 1696 451 opes

293 461 575 521 congessisse
612 457 898 517 ferebantur,
932 474 1035 520 quac
1069 459 1130 505 ad
1166 459 1432 506 faciendum
1467 464 1695 527 stipendia

292 553 463 598 magno
488 535 706 580 cxeicitui
729 535 1031 580 suffecissent.
1061 537 1141 581 His
1161 537 1435 583 consiliariis
1456 543 1697 605 praecipuis

294 614 527 671 utebatur,
564 612 636 657 his
672 613 801 673 regni
838 612 1156 674 gubeinacula
1189 614 1547 675 moderabatur3
1586 621 1698 665 tales

293 688 510 751 eligebat,
531 689 644 735 tales
662 689 928 735 honorabat
947 690 1206 750 ignominia
1222 700 1267 736 et
1286 691 1461 737 malitia
1476 693 1693 755 repletos;

294 783 498 828 quorum
532 782 588 811 ex
626 766 839 812 moribus
873 778 918 812 et
952 769 1308 814 conversatione
1340 769 1511 831 conjici
1548 782 1698 833 potest

293 844 453 905 quales
488 844 537 888 in
575 859 633 888 eo
670 844 861 889 virtutes
897 853 1073 902 essent,
1107 845 1189 907 qui
1216 845 1330 891 tales
1357 846 1405 890 in
1441 846 1699 910 praecipuos

294 920 486 966 haberet
512 922 704 966 amicos.

360 1002 452 1045 Nec
477 999 669 1045 miretur
692 998 858 1058 lector,
885 999 922 1043 si
950 1009 1045 1044 tam
1071 1015 1232 1062 prava,
1262 1000 1424 1062 iniqua
1455 1009 1500 1044 et
1521 1002 1696 1064 turpia,

295 1078 353 1122 de
377 1086 507 1122 tanto
542 1092 647 1137 rege
682 1076 994 1135 retulerimus,
1026 1092 1135 1121 cum
1169 1093 1266 1122 non
1304 1076 1528 1123 adulandi
1562 1088 1700 1142 atque

293 1154 559 1201 assentandi
601 1153 780 1211 studio,
827 1153 1109 1215 texendique
1156 1154 1498 1216 panaegyricos⁹
1529 1155 1699 1200 levium

295 1249 426 1278 more
469 1236 767 1290 (irrecorum,
809 1231 1044 1276 scribendi
1085 1247 1257 1276 munus
1296 1231 1600 1294 officiumque
1637 1246 1703 1278 as-

294 1311 651 1373 sumpserimus,
676 1309 756 1355 sed
777 1310 968 1354 veridici
987 1309 1197 1354 relatoris
1217 1319 1261 1354 et
1282 1309 1492 1354 historici
1508 1310 1698 1355 veracis.

296 1389 414 1432 Nam
448 1385 690 1443 libentius,
727 1388 828 1431 Deo
859 1396 996 1444 teste,
1032 1386 1080 1431 in
1116 1384 1427 1431 describendo
1456 1385 1599 1448 ipsius
1633 1402 1704 1431 res

297 1465 499 1509 virtuose
520 1473 666 1523 gestas
684 1473 728 1508 et
756 1463 892 1508 laude
917 1464 1096 1523 dignas,
1121 1463 1156 1507 si
1178 1462 1291 1508 tales
1314 1462 1372 1508 de
1393 1478 1450 1507 eo
1475 1462 1703 1508 invenisse

297 1552 341 1586 et
372 1539 667 1591 conscribere
699 1541 923 1585 veraciter
955 1540 1282 1602 potuissemus,
1318 1539 1467 1583 otium
1490 1549 1703 1585 nostrum

299 1617 603 1662 dedissemus.
644 1616 786 1672 Quod
815 1617 852 1660 si
881 1617 984 1678 quis
1022 1616 1177 1661 forsan
1210 1614 1388 1660 tardior
1414 1625 1554 1678 atque
1588 1614 1704 1661 diffi-

298 1695 431 1739 cilior
453 1693 587 1739 fuerit
605 1693 666 1739 ad
684 1693 894 1739 dandum
912 1693 1053 1738 fidem
1071 1693 1144 1737 his
1167 1709 1268 1755 quae
1290 1693 1557 1755 scripsimus
1582 1692 1704 1754 (quae

301 1772 459 1832 utique
491 1770 618 1815 credi
661 1771 732 1815 vel
769 1787 865 1815 non
906 1769 1033 1815 credi
1070 1785 1179 1814 vera
1212 1769 1347 1813 fuisse
1381 1778 1427 1812 et
1450 1784 1573 1825 esse,
1607 1769 1704 1814 sine

300 1847 458 1892 salutis
484 1847 712 1909 periculo,
740 1847 964 1909 possunt)
991 1883 1001 1905 ,
1028 1846 1142 1890 sciat
1173 1843 1338 1907 [quod]
1357 1879 1368 1900 ,
1392 1854 1498 1906 post,
1522 1847 1702 1906 tyranni

301 1925 502 1983 obitum,
538 1942 593 1970 ex
626 1924 923 1970 ordinatione
947 1939 1197 1987 procerum
1222 1921 1368 1983 regni,
1397 1922 1477 1983 qui
1500 1921 1704 1968 defuncti

302 2001 449 2046 filium
470 2002 663 2047 unicum
688 2002 735 2046 in
765 2017 921 2061 regem
940 2010 984 2045 et
1003 2001 1131 2061 regni
1152 1998 1385 2044 liatredem
1406 2008 1706 2061 acceptarunt

304 2080 419 2141 (non
446 2080 637 2141 quidem
666 2079 728 2124 ob
755 2080 897 2142 patris
921 2078 1124 2123 defuncti
1157 2076 1604 2138 contemplationem
1627 2087 1706 2121 aut

301 2172 529 2214 amorem,
556 2156 637 2202 sed
658 2156 717 2201 ad
739 2155 982 2201 vitandum
1005 2154 1320 2218 perniciosum
1343 2152 1542 2196 schisma
1565 2153 1611 2196 in
1633 2169 1704 2198 re-

302 2248 412 2293 gno,
434 2232 562 2294 quod
584 2232 892 2276 verisimiliter
908 2233 945 2275 si
962 2247 1036 2288 eo,
1060 2230 1140 2292 qui
1161 2228 1381 2273 defuncto
1402 2228 1566 2273 unicus
1586 2228 1705 2275 filius

304 2424 357 2452 est
383 2415 488 2466 porte
514 2426 586 2449 aux
614 2413 753 2448 :lumbes
787 2412 886 2448 1478
911 2420 945 2446 ct
976 2413 1075 2448 1479
1101 2424 1247 2447 comme
1267 2420 1379 2460 ayant
1400 2411 1433 2447 la
1454 2410 1568 2461 garde
1589 2412 1702 2461 parti-

303 2478 442 2515 culiew
457 2476 520 2511 des
540 2474 770 2525 prisonniers
791 2470 914 2509 ‹l‘FAat
929 2474 990 2522 qui
1012 2473 1144 2509 etaient
1169 2471 1370 2509 enchainds
1386 2473 1477 2509 dans
1495 2474 1528 2510 le
1546 2474 1703 2510 chateau

304 2540 350 2576 dc
370 2542 487 2575 'soors
502 2550 593 2573 avve
613 2549 674 2572 ces
695 2535 864 2571 terriblis
886 2535 1105 2571 serrcnivnts
1126 2538 1240 2584 qu'on
1264 2536 1426 2585 appelait
1446 2535 1498 2571 les
1525 2551 1541 2567 (t
1560 2532 1704 2571 fillettes

305 2603 354 2638 du
378 2602 430 2637 wi
458 2620 489 2637 υ.
512 2598 687 2635 ΒίΙᾸὶοῐΙι.
709 2600 754 2633 de
775 2591 912 2633 l'li'colc·
932 2599 995 2632 (Istc
1014 2599 1172 2644 clzartc’s,
1196 2607 1220 2633 Ι.
1245 2600 1291 2633 IV
1313 2599 1371 2631 '3‘
1391 2598 1504 2643 sbrie)
1521 2627 1529 2639 ,
1551 2611 1585 2647 p.
1612 2599 1699 2634 378.

358 2667 393 2700 1.
428 2666 496 2698 ils.
521 2672 554 2697 rt
574 2663 725 2709 quidam
746 2661 1021 2708 Stepltmms....
1045 2669 1167 2697 natus.

357 2728 394 2762 2.
428 2729 495 2762 Ἰ115.
518 2727 670 2760 texendi
690 2726 1009 2773 panegirc'eosqne.
