1875 2956
627 162 770 196 LIBER
799 161 1046 198 SEP·rtm⁷s.
1464 165 1534 200 1143

147 246 354 305 broecw,
380 256 425 291 et
449 246 548 292 aliis
571 247 902 309 pluribusque¹
933 247 1062 292 locis.
1095 244 1161 290 Ad
1193 260 1295 306 quae
1325 246 1429 292 loca
1458 264 1538 293 ac-

143 321 373 367 cedebant
400 323 536 384 legati
572 323 932 384 Trajectensium
967 332 1275 383 tyrannorum
1317 337 1423 365 cum
1456 323 1537 367 de-

145 397 313 459 putatis
359 414 485 443 nunc
528 397 788 461 pontificis,
838 414 963 443 nunc
999 397 1138 442 etiam
1180 396 1428 459 principis,
1467 398 1540 443 vel

144 481 273 517 terrae
306 483 350 519 et
375 475 533 536 patria:
568 491 659 520 suae
691 474 964 519 Hollandiae.
1005 476 1061 518 Et
1090 472 1364 518 deludentes
1391 490 1541 537 popu-

146 549 240 595 lum
282 549 943 624 Trajectensem§simulabant
983 550 1169 611 tyranni
1208 566 1254 594 se
1302 567 1388 612 pro
1426 567 1540 614 pace

145 641 279 686 agere
293 663 304 685 ,
327 636 373 672 et
391 643 494 673 eam
517 636 615 672 toto
639 636 812 672 conatu
828 627 1119 689 perquirere;
1148 626 1229 671 sed
1249 627 1362 688 quid
1380 628 1540 673 animo

144 712 376 763 gestarent
415 713 460 749 et
498 713 677 762 mente,
724 703 888 765 saepius
929 719 1072 766 opere
1115 703 1404 750 indicabant.
1450 707 1541 761 Qui

144 778 285 825 ferme
312 796 510 843 semper,
545 796 652 826 cum
687 780 864 842 legatos
887 796 997 826 suos
1021 780 1082 826 ad
1108 780 1255 827 dietas
1286 782 1412 844 pacis
1440 783 1542 828 mit-

146 866 315 916 terent,
344 873 439 902 una
467 856 715 902 mittebant
744 856 960 902 rutheros
991 873 1100 903 suos
1128 857 1189 903 ad
1218 858 1436 905 incendia
1469 860 1541 905 vel

144 933 322 994 praedas
344 933 578 979 faciendas
607 933 680 978 vel
704 933 751 978 in
777 933 1048 991 Hollandia,
1076 934 1147 979 vel
1187 935 1286 980 aliis
1321 935 1435 981 locis
1464 936 1542 981 vi-

143 1009 259 1054 cinis
277 1011 304 1053 ³.

210 1086 518 1132 Redemerant
555 1103 602 1132 se
638 1103 665 1132 a
696 1088 878 1134 civitate
913 1086 1144 1150 pleraeque
1176 1089 1294 1134 villa>
1332 1090 1536 1149 magnis,

143 1178 259 1225 quas
281 1164 596 1222 exsolverant,
618 1164 923 1226 pecuniarum
944 1165 1160 1223 summis,
1190 1181 1248 1211 ne
1274 1165 1346 1211 vel
1370 1166 1418 1210 in
1441 1182 1542 1229 per-

143 1239 269 1284 sonis
287 1276 298 1298 ,
324 1239 394 1284 vel
417 1240 466 1284 in
490 1238 667 1284 ardibus
695 1240 850 1285 aliisve
878 1239 1016 1285 rebus
1046 1240 1221 1287 damna
1245 1251 1536 1303 paterentur3

142 1315 222 1359 sed
249 1331 344 1360 non
370 1331 428 1360 eo
458 1316 636 1372 minus,
664 1332 772 1361 cum
797 1326 933 1361 antea
961 1316 1075 1361 nihil
1094 1317 1190 1378 jam
1218 1316 1306 1361 sibi
1333 1326 1542 1362 metuen-

142 1390 257 1435 dum
282 1400 530 1454 putarant‘,
558 1401 664 1453 post
683 1392 938 1437 adventum
961 1392 1083 1437 illius
1107 1392 1345 1438 domicelli
1368 1393 1426 1438 de
1450 1394 1540 1439 Cli-

144 1468 210 1512 vis
233 1469 265 1525 ⁷⁴,
298 1477 523 1528 tanquam
563 1468 673 1512 novi
708 1467 890 1512 domini
927 1484 1069 1529 quem
1121 1469 1271 1515 aliena
1310 1471 1540 1533 promissa

142 1560 238 1589 non
264 1544 488 1606 ligarent,
526 1545 686 1590 omnia
710 1554 1003 1607 compactata
1034 1545 1225 1592 rescissa
1262 1557 1397 1604 sunt,
1435 1547 1540 1593 fuitu

141 1637 232 1683 que
268 1620 333 1665 eis
360 1637 546 1666 necesse
568 1621 642 1666 vel
668 1637 715 1665 se
746 1620 904 1667 denuo
930 1622 1186 1680 redimere,
1216 1623 1287 1668 vel
1312 1624 1540 1669 incendiis

141 1713 195 1743 ac
218 1697 383 1760 praedae
419 1707 574 1761 patere
591 1735 602 1755 ‚
636 1707 717 1743 aut
744 1699 848 1744 loca
880 1715 963 1744 sua
985 1698 1197 1744 deserere
1222 1717 1231 1744 :
1264 1700 1394 1762 quod
1419 1717 1540 1746 non-

145 1774 283 1833 nulli,
310 1775 495 1819 incertae.
533 1785 579 1821 et
609 1775 756 1837 fragili
781 1775 891 1821 fidei
927 1793 974 1822 se
1018 1777 1311 1823 committere
1341 1779 1542 1841 amplius

143 1866 240 1895 non
265 1851 512 1911 audentes,
539 1853 694 1914 potius
716 1853 969 1914 elegerunt.
1007 1855 1109 1899 Fuit
1130 1870 1300 1917 nempe
1328 1855 1540 1915 quaedam

144 1927 251 1972 villa
280 1928 402 1973 circa
423 1928 655 1991 oppidum
681 1930 854 1990 IVsclc,
886 1945 1009 1990 quae,
1037 1931 1267 1992 promissa
1298 1930 1385 1975 sibi
1408 1947 1541 1976 secu-

144 2003 277 2049 ritate
305 2004 445 2050 etiam
469 2022 552 2067 per
578 2005 880 2051 domicellum
907 2006 965 2051 de
995 2007 1156 2064 Clivis,
1197 2024 1295 2053 sese
1325 2008 1537 2054 redemit.

144 2079 235 2125 Sed
259 2096 369 2125 curn
399 2081 479 2126 illo
513 2082 611 2144 ipse
637 2098 745 2127 cum
770 2083 863 2128 suis
893 2082 1092 2128 rutheris
1124 2083 1301 2147 ivisset,
1330 2102 1417 2131 nec
1452 2087 1543 2131 loci

145 2155 342 2211 accolae,
377 2156 543 2202 confisi
574 2157 633 2204 de
668 2168 805 2221 pacta
840 2158 1170 2217 indemnitate,
1206 2177 1255 2205 se
1290 2161 1544 2208 subtraxis-

145 2243 246 2278 sent
259 2268 270 2290 ,
295 2233 375 2279 sed
396 2233 754 2281 advenientibus
773 2236 913 2281 etiam
933 2236 992 2281 de
1018 2237 1111 2282 suis
1133 2235 1272 2283 bonis
1293 2239 1544 2285 ministras-

199 2381 234 2415 1.
264 2382 316 2416 La
336 2382 463 2429 Haye,
484 2381 725 2417 Bois-lc-Duc
741 2410 749 2426 ,
777 2380 1018 2418 Oestbroeck.

199 2441 237 2478 ⁶2.
267 2443 467 2491 Plaerisque
484 2443 576 2480 dans
597 2445 630 2480 le
650 2458 719 2481 ms.

204 2502 238 2537 3.
270 2504 364 2539 Tout
381 2504 462 2541 cela
481 2512 537 2542 est
558 2505 593 2542 la
611 2506 811 2555 repetition
831 2505 877 2542 de
893 2518 936 2543 ce
955 2519 1029 2556 que
1049 2507 1210 2543 l'auteur
1228 2521 1248 2544 a
1262 2508 1314 2544 dit
1334 2510 1417 2559 plus
1436 2509 1540 2555 haut,

151 2575 187 2611 p.
213 2564 301 2600 106.

206 2626 226 2660 4
272 2627 342 2660 Les
362 2627 510 2663 Frisons
530 2628 769 2677 l'appelaient
786 2630 940 2665 Jonrker
959 2645 1026 2666 van
1051 2634 1162 2669 Cleve.
