1875 2956
674 173 816 207 LIBER
856 172 1052 207 SEXTUS.
1500 174 1548 207 85

164 259 294 303 Unde
334 269 378 303 et
414 259 615 321 primum
660 260 790 304 inviti
839 258 1056 305 eumdem
1099 273 1233 302 suum
1260 256 1546 318 pontificem,

159 342 437 394 procurante
473 332 591 378 duce
619 333 830 396 Philippo
865 349 892 378 a
928 331 1044 377 Sede
1077 329 1332 393 apostolica
1354 345 1551 391 promo-

160 411 298 467 tum¹,
326 425 422 453 non
445 410 645 455 valentes
668 409 875 471 ejusdem
918 406 1117 470 Philippi
1138 404 1385 450 conatibus
1409 405 1552 451 obsis-

159 493 275 542 tere,
302 495 624 547 susceperunt,
649 502 755 530 cum
778 484 949 529 electus
973 482 1088 527 alter
1112 481 1269 526 suisset
1293 480 1430 526 frater
1466 481 1552 526 do-

158 560 271 605 mini
297 561 354 606 de
377 560 658 619 Brederocle,
676 560 755 623 qui
778 559 1049 622 praepositus
1069 567 1166 603 erat
1182 558 1383 603 ecclesiae
1398 559 1553 603 Sancti

159 637 341 682 Martini
377 637 712 699 Trajectensis²,
753 636 811 681 de
835 635 1007 681 familia
1029 635 1210 695 utique,
1237 651 1340 697 quae
1367 650 1459 680 una
1483 636 1553 681 vel

157 713 388 775 praecipua
429 729 610 776 semper
652 712 787 757 fuisse
834 711 977 756 fertur
1017 710 1311 756 tenacissima
1349 711 1552 772 partium

158 788 498 834 Hoeckensium
523 789 571 833 in
594 787 858 832 Hollandia.

222 867 286 908 Ex
321 865 392 909 his
416 865 569 925 itaque
608 864 751 909 animi
786 861 1036 908 latentibus
1061 861 1255 922 morbis,
1296 862 1405 908 odia
1448 879 1555 908 con-

158 949 376 1002 ceperant
400 950 444 986 et
463 939 725 985 inimicitias
746 939 1057 1001 Trajectenses
1073 937 1207 983 multi
1231 948 1395 984 contra
1417 955 1553 984 suum

157 1016 426 1077 pontificem
446 1035 456 1074 3
482 1032 752 1079 quanquam
774 1032 829 1061 ex
854 1014 1033 1060 civibus
1045 1013 1337 1076 gravioribus
1359 1015 1553 1060 aclocu-

156 1091 429 1153 pletioribus
470 1092 617 1154 major
648 1108 885 1151 numerus,
929 1090 1093 1154 procul
1139 1090 1305 1147 dubio,
1344 1091 1553 1152 ejusdem

155 1167 223 1211 sui
238 1168 472 1229 pontificis
486 1168 708 1230 justitiam
722 1204 732 1226 ,
746 1167 1080 1229 benignitatem
1098 1177 1236 1228 atque
1254 1166 1552 1229 prudentiam

156 1254 423 1305 pensantes,
467 1244 603 1290 simul
649 1244 981 1305 quietissimam
1025 1252 1071 1288 et
1116 1242 1425 1288 felicissimam
1474 1259 1554 1305 pa-

154 1336 280 1379 cem,
325 1337 465 1382 quam
510 1320 596 1365 sub
633 1336 718 1364 suo
754 1320 999 1382 praesulatu
1041 1336 1124 1382 per
1163 1334 1314 1364 annos
1353 1319 1554 1381 amplius

154 1397 313 1456 viginti
339 1406 541 1457 quatuor
567 1396 830 1442 habuerant
863 1396 983 1456 (quae
1014 1410 1120 1440 raro
1144 1395 1210 1441 eis
1239 1404 1334 1440 tam
1371 1394 1553 1441 diutina

151 1471 338 1518 durasse
362 1474 547 1534 cognita
569 1482 659 1532 est,
688 1473 735 1517 in
759 1471 935 1516 saeculis
956 1471 1235 1533 retroactis),
1263 1487 1372 1517 eum
1393 1471 1553 1534 dilige-

152 1546 286 1607 bant,
314 1558 358 1593 et
387 1557 437 1593 ut
458 1549 721 1609 longaevum
756 1563 854 1592 esse
881 1547 928 1591 in
948 1546 1350 1593 administratione
1374 1548 1553 1611 episco-

150 1633 285 1686 patus
318 1641 427 1670 eum
464 1624 552 1671 sibi
576 1625 735 1671 divina
760 1625 906 1688 pietas
933 1623 1153 1685 donaret,
1185 1625 1304 1670 votis
1332 1625 1550 1688 supplici-

151 1702 239 1747 bus
260 1702 586 1765 precabantur.

218 1779 297 1823 His
337 1780 491 1841 itaque
513 1780 705 1841 aliisque
738 1777 956 1823 odiorum
983 1779 1131 1823 causis
1174 1778 1395 1825 stimulati
1414 1781 1442 1835 ³,
1472 1781 1552 1842 qui

153 1856 430 1918 pertinacius
452 1865 602 1918 partes
624 1855 836 1901 factionis
853 1854 1197 1900 Hoeckensium
1214 1855 1546 1915 defendebant,

153 1931 252 1977 aliis
273 1931 653 1991 adversabantur,
672 1931 751 1994 qui
775 1948 911 1976 suum
931 1930 1204 1994 pontificem
1220 1933 1349 1994 sequi
1374 1948 1428 1978 ac
1447 1932 1551 1978 dili-

205 2121 242 2155 1.
274 2117 433 2154 Thomas
454 2118 587 2163 Basin,
615 2117 706 2154 dans
733 2130 800 2154 son
829 2115 992 2153 Histoire
1019 2115 1065 2152 ‹le
1091 2115 1242 2153 Charles
1262 2118 1352 2160 VII,
1381 2116 1479 2153 avait
1500 2117 1553 2153 dit

153 2193 243 2217 avec
262 2180 343 2230 plus
363 2180 547 2230 d'equite,
568 2193 614 2216 en
634 2180 781 2230 pariant
800 2178 846 2215 de
868 2179 903 2215 la
923 2190 1057 2229 guerre
1077 2190 1150 2227 que
1170 2177 1340 2228 Philippe
1360 2178 1394 2215 le
1413 2181 1492 2215 Bon
1514 2180 1554 2215 fit

153 2255 227 2278 aux
255 2242 456 2289 Trajectins
483 2255 529 2278 en
561 2243 686 2278 1456:
715 2259 730 2273 «
754 2243 804 2277 Ut
835 2253 897 2277 eos
927 2239 973 2276 ad
1005 2239 1213 2289 parendum
1244 2240 1457 2289 apostolicis
1486 2240 1550 2276 de-

153 2304 282 2350 cretis,
308 2304 365 2340 vel
391 2304 464 2341 suis
484 2303 606 2354 potius
627 2302 839 2348 desideriis,
868 2302 1005 2339 invitos
1030 2309 1065 2337 et
1087 2301 1270 2337 coercitos
1288 2301 1505 2340 adduceret.
1531 2318 1548 2335 ,ι

154 2367 194 2401 Τ.
215 2368 230 2401 Ι
250 2394 259 2410 ,
281 2379 318 2415 p.
345 2366 435 2402 287.

208 2428 244 2462 2.
276 2425 424 2464 Gisbert
456 2427 501 2463 ‹le
527 2426 759 2472 Brederode,
788 2426 922 2476 prevot
958 2425 1003 2461 de
1036 2425 1071 2462 la
1106 2424 1319 2461 cathedrale
1340 2423 1549 2461 d'Utrecht.

158 2487 350 2524 Matthaeus
376 2502 397 2524 a
417 2488 542 2524 donne
571 2488 679 2524 l'acte
713 2487 759 2524 de
787 2500 855 2524 son
881 2486 1038 2523 electior}
1054 2515 1062 2531 ,
1086 2485 1170 2522 date
1197 2485 1245 2521 du
1269 2489 1288 2522 7
1311 2484 1403 2521 avril
1433 2485 1549 2520 1455.

157 2549 354 2593 Analecta,
386 2557 411 2587 t.
434 2552 489 2591 ΙΙ,
517 2563 552 2598 p.
578 2550 663 2585 342.

212 2610 246 2645 3.
279 2609 407 2646 Matth.
431 2610 716 2647 stimulantibus.
