<?xml version="1.0" encoding="UTF-8"?>
<!DOCTYPE html PUBLIC "-//W3C//DTD XHTML 1.0 Transitional//EN"
    "http://www.w3.org/TR/xhtml1/DTD/xhtml1-transitional.dtd">
<html xmlns="http://www.w3.org/1999/xhtml" xml:lang="en" lang="en">
 <head>
  <title>
</title>
<meta http-equiv="Content-Type" content="text/html;charset=utf-8" />
  <meta name='ocr-system' content='tesseract 3.04.00' />
  <meta name='ocr-capabilities' content='ocr_page ocr_carea ocr_par ocr_line ocrx_word'/>
</head>
<body>
  <div class='ocr_page' id='page_1' title='image "./histoiredesrgn03basi_0327.png"; bbox 0 0 1875 2956; ppageno 0'>
   <div class='ocr_carea' id='block_1_1' title="bbox 655 218 1534 256">
    <p class='ocr_par' dir='ltr' id='par_1_1' title="bbox 655 218 1534 256">
     <span class='ocr_line' id='line_1_1' title="bbox 655 218 1534 256; baseline -0.003 0"><span class='ocrx_word' id='word_1_1' title='bbox 655 218 799 256; x_wconf 84' lang='lat' dir='ltr'>LIBER</span> <span class='ocrx_word' id='word_1_2' title='bbox 829 219 1019 255; x_wconf 85' lang='lat' dir='ltr'>PRIMUS.</span> <span class='ocrx_word' id='word_1_3' title='bbox 1460 220 1534 253; x_wconf 75' lang='lat'>275</span> 
     </span>
    </p>
   </div>
   <div class='ocr_carea' id='block_1_2' title="bbox 141 299 1543 739">
    <p class='ocr_par' dir='ltr' id='par_1_2' title="bbox 141 299 1543 739">
     <span class='ocr_line' id='line_1_2' title="bbox 142 299 1533 367; baseline -0.004 -17"><span class='ocrx_word' id='word_1_4' title='bbox 142 307 264 350; x_wconf 86' lang='lat' dir='ltr'>viros</span> <span class='ocrx_word' id='word_1_5' title='bbox 280 305 488 365; x_wconf 82' lang='lat' dir='ltr'>egregios</span> <span class='ocrx_word' id='word_1_6' title='bbox 505 305 786 366; x_wconf 79' lang='lat' dir='ltr'>affectosque</span> <span class='ocrx_word' id='word_1_7' title='bbox 804 304 1040 367; x_wconf 86' lang='lat' dir='ltr'>suppliciis</span> <span class='ocrx_word' id='word_1_8' title='bbox 1056 299 1359 347; x_wconf 83' lang='lat' dir='ltr'><strong>nuntiabatur</strong></span> <span class='ocrx_word' id='word_1_9' title='bbox 1375 300 1533 356; x_wconf 85' lang='lat' dir='ltr'>nobis;</span> 
     </span>
     <span class='ocr_line' id='line_1_3' title="bbox 151 374 1536 441; baseline -0.006 -17"><span class='ocrx_word' id='word_1_10' title='bbox 151 379 362 440; x_wconf 87' lang='lat' dir='ltr'>quamvis</span> <span class='ocrx_word' id='word_1_11' title='bbox 386 379 524 424; x_wconf 82' lang='lat' dir='ltr'>etiam</span> <span class='ocrx_word' id='word_1_12' title='bbox 545 379 631 441; x_wconf 88' lang='lat' dir='ltr'>ipsi</span> <span class='ocrx_word' id='word_1_13' title='bbox 654 379 711 423; x_wconf 88' lang='lat' dir='ltr'>de</span> <span class='ocrx_word' id='word_1_14' title='bbox 735 378 904 439; x_wconf 89' lang='lat' dir='ltr'>quibus</span> <span class='ocrx_word' id='word_1_15' title='bbox 923 375 1149 440; x_wconf 86' lang='lat' dir='ltr'>supplicia</span> <span class='ocrx_word' id='word_1_16' title='bbox 1164 374 1393 437; x_wconf 78' lang='lat' dir='ltr'>reposcita</span> <span class='ocrx_word' id='word_1_17' title='bbox 1412 384 1536 431; x_wconf 86' lang='lat' dir='ltr'>sunt,</span> 
     </span>
     <span class='ocr_line' id='line_1_4' title="bbox 141 450 1541 518; baseline -0.004 -18"><span class='ocrx_word' id='word_1_18' title='bbox 141 455 447 518; x_wconf 82' lang='lat' dir='ltr'>plenissimas,</span> <span class='ocrx_word' id='word_1_19' title='bbox 474 465 524 500; x_wconf 86' lang='lat' dir='ltr'>ut</span> <span class='ocrx_word' id='word_1_20' title='bbox 548 455 724 514; x_wconf 83' lang='lat' dir='ltr'>caeteri,</span> <span class='ocrx_word' id='word_1_21' title='bbox 750 455 964 499; x_wconf 88' lang='lat' dir='ltr'>omnium</span> <span class='ocrx_word' id='word_1_22' title='bbox 989 453 1237 499; x_wconf 87' lang='lat' dir='ltr'>criminum</span> <span class='ocrx_word' id='word_1_23' title='bbox 1262 450 1541 496; x_wconf 77' lang='lat' dir='ltr'>abolitiones</span> 
     </span>
     <span class='ocr_line' id='line_1_5' title="bbox 141 525 1543 594; baseline -0.004 -18"><span class='ocrx_word' id='word_1_24' title='bbox 141 541 186 576; x_wconf 90' lang='lat' dir='ltr'>et</span> <span class='ocrx_word' id='word_1_25' title='bbox 218 532 320 577; x_wconf 56' lang='lat' dir='ltr'>vitre</span> <span class='ocrx_word' id='word_1_26' title='bbox 352 532 681 594; x_wconf 87' lang='lat' dir='ltr'>bonorumque</span> <span class='ocrx_word' id='word_1_27' title='bbox 710 531 977 576; x_wconf 82' lang='lat' dir='ltr'>securitates</span> <span class='ocrx_word' id='word_1_28' title='bbox 1001 546 1048 575; x_wconf 92' lang='lat' dir='ltr'>se</span> <span class='ocrx_word' id='word_1_29' title='bbox 1079 528 1310 592; x_wconf 86' lang='lat' dir='ltr'>accepisse</span> <span class='ocrx_word' id='word_1_30' title='bbox 1335 525 1543 573; x_wconf 85' lang='lat' dir='ltr'>confide-</span> 
     </span>
     <span class='ocr_line' id='line_1_6' title="bbox 143 601 1540 670; baseline -0.002 -21"><span class='ocrx_word' id='word_1_31' title='bbox 143 615 268 664; x_wconf 88' lang='lat' dir='ltr'>rent,</span> <span class='ocrx_word' id='word_1_32' title='bbox 292 617 337 652; x_wconf 91' lang='lat' dir='ltr'>et</span> <span class='ocrx_word' id='word_1_33' title='bbox 363 617 610 670; x_wconf 86' lang='lat' dir='ltr'>propterea</span> <span class='ocrx_word' id='word_1_34' title='bbox 631 605 719 651; x_wconf 89' lang='lat' dir='ltr'>sibi</span> <span class='ocrx_word' id='word_1_35' title='bbox 745 605 805 650; x_wconf 89' lang='lat' dir='ltr'>de</span> <span class='ocrx_word' id='word_1_36' title='bbox 831 605 1103 667; x_wconf 86' lang='lat' dir='ltr'>tempestiva</span> <span class='ocrx_word' id='word_1_37' title='bbox 1139 603 1246 664; x_wconf 85' lang='lat' dir='ltr'>suga</span> <span class='ocrx_word' id='word_1_38' title='bbox 1268 601 1512 648; x_wconf 83' lang='lat' dir='ltr'>consulere</span> <span class='ocrx_word' id='word_1_39' title='bbox 1529 637 1540 658; x_wconf 89' lang='lat'>‚</span> 
     </span>
     <span class='ocr_line' id='line_1_7' title="bbox 145 678 1122 739; baseline -0.001 -16"><span class='ocrx_word' id='word_1_40' title='bbox 145 678 260 724; x_wconf 90' lang='lat' dir='ltr'>nihil</span> <span class='ocrx_word' id='word_1_41' title='bbox 283 680 569 739; x_wconf 72' lang='lat' dir='ltr'>haesitantes,</span> <span class='ocrx_word' id='word_1_42' title='bbox 600 679 794 725; x_wconf 88' lang='lat' dir='ltr'>minime</span> <span class='ocrx_word' id='word_1_43' title='bbox 820 678 1122 724; x_wconf 86' lang='lat' dir='ltr'>curavissent.</span> 
     </span>
    </p>
   </div>
   <div class='ocr_carea' id='block_1_3' title="bbox 596 912 1087 957">
    <p class='ocr_par' dir='ltr' id='par_1_3' title="bbox 596 912 1087 957">
     <span class='ocr_line' id='line_1_8' title="bbox 596 912 1087 957; baseline -0.006 0"><span class='ocrx_word' id='word_1_44' title='bbox 596 912 932 957; x_wconf 86' lang='lat' dir='ltr'><strong>CAPITULUM</strong></span> <span class='ocrx_word' id='word_1_45' title='bbox 968 912 1087 955; x_wconf 87' lang='lat' dir='ltr'><strong>VIII.</strong></span> 
     </span>
    </p>
   </div>
   <div class='ocr_carea' id='block_1_4' title="bbox 148 1038 1550 1145">
    <p class='ocr_par' dir='ltr' id='par_1_4' title="bbox 148 1038 1550 1145">
     <span class='ocr_line' id='line_1_9' title="bbox 148 1038 1550 1087; baseline -0.004 -12"><span class='ocrx_word' id='word_1_46' title='bbox 148 1044 197 1075; x_wconf 87' lang='lat' dir='ltr'>De</span> <span class='ocrx_word' id='word_1_47' title='bbox 217 1042 447 1076; x_wconf 83' lang='lat' dir='ltr'>remoratione</span> <span class='ocrx_word' id='word_1_48' title='bbox 470 1052 503 1076; x_wconf 88' lang='lat' dir='ltr'>et</span> <span class='ocrx_word' id='word_1_49' title='bbox 526 1042 712 1078; x_wconf 81' lang='lat' dir='ltr'>residentia</span> <span class='ocrx_word' id='word_1_50' title='bbox 732 1043 768 1076; x_wconf 85' lang='lat' dir='ltr'>in</span> <span class='ocrx_word' id='word_1_51' title='bbox 787 1042 965 1082; x_wconf 88' lang='lat' dir='ltr'>Lovanio,</span> <span class='ocrx_word' id='word_1_52' title='bbox 991 1050 1023 1075; x_wconf 85' lang='lat' dir='ltr'>et</span> <span class='ocrx_word' id='word_1_53' title='bbox 1046 1040 1147 1087; x_wconf 83' lang='lat' dir='ltr'>regiis</span> <span class='ocrx_word' id='word_1_54' title='bbox 1167 1039 1408 1073; x_wconf 77' lang='lat' dir='ltr'>securitatibus</span> <span class='ocrx_word' id='word_1_55' title='bbox 1423 1038 1550 1083; x_wconf 89' lang='lat' dir='ltr'>ubique</span> 
     </span>
     <span class='ocr_line' id='line_1_10' title="bbox 662 1098 1035 1145; baseline 0.003 -13"><span class='ocrx_word' id='word_1_56' title='bbox 662 1099 696 1132; x_wconf 92' lang='lat' dir='ltr'>in</span> <span class='ocrx_word' id='word_1_57' title='bbox 712 1111 820 1145; x_wconf 82' lang='lat' dir='ltr'>reguo</span> <span class='ocrx_word' id='word_1_58' title='bbox 838 1098 1035 1145; x_wconf 84' lang='lat' dir='ltr'>publicatis.</span> 
     </span>
    </p>
   </div>
   <div class='ocr_carea' id='block_1_5' title="bbox 149 1213 1567 2743">
    <p class='ocr_par' dir='ltr' id='par_1_5' title="bbox 149 1213 1558 2265">
     <span class='ocr_line' id='line_1_11' title="bbox 214 1213 1552 1279; baseline -0.003 -18"><span class='ocrx_word' id='word_1_59' title='bbox 214 1218 515 1263; x_wconf 87' lang='lat' dir='ltr'>Interclusam</span> <span class='ocrx_word' id='word_1_60' title='bbox 546 1217 702 1278; x_wconf 85' lang='lat' dir='ltr'>itaque</span> <span class='ocrx_word' id='word_1_61' title='bbox 737 1216 876 1263; x_wconf 83' lang='lat' dir='ltr'>nobis</span> <span class='ocrx_word' id='word_1_62' title='bbox 905 1217 951 1262; x_wconf 93' lang='lat' dir='ltr'>in</span> <span class='ocrx_word' id='word_1_63' title='bbox 989 1216 1187 1279; x_wconf 85' lang='lat' dir='ltr'>patriam</span> <span class='ocrx_word' id='word_1_64' title='bbox 1230 1224 1274 1259; x_wconf 88' lang='lat' dir='ltr'>et</span> <span class='ocrx_word' id='word_1_65' title='bbox 1309 1213 1552 1258; x_wconf 86' lang='lat' dir='ltr'>ecclesiam</span> 
     </span>
     <span class='ocr_line' id='line_1_12' title="bbox 151 1290 1555 1353; baseline -0.006 -12"><span class='ocrx_word' id='word_1_66' title='bbox 151 1305 358 1341; x_wconf 86' lang='lat' dir='ltr'>nostram</span> <span class='ocrx_word' id='word_1_67' title='bbox 390 1293 620 1339; x_wconf 89' lang='lat' dir='ltr'>redeundi</span> <span class='ocrx_word' id='word_1_68' title='bbox 656 1294 921 1340; x_wconf 81' lang='lat' dir='ltr'>facultatem</span> <span class='ocrx_word' id='word_1_69' title='bbox 959 1293 1189 1349; x_wconf 82' lang='lat' dir='ltr'>maxime,</span> <span class='ocrx_word' id='word_1_70' title='bbox 1216 1306 1356 1353; x_wconf 88' lang='lat' dir='ltr'>quam</span> <span class='ocrx_word' id='word_1_71' title='bbox 1395 1290 1555 1334; x_wconf 87' lang='lat' dir='ltr'>retuli-</span> 
     </span>
     <span class='ocr_line' id='line_1_13' title="bbox 150 1367 1554 1433; baseline -0.004 -17"><span class='ocrx_word' id='word_1_72' title='bbox 150 1388 285 1430; x_wconf 85' lang='lat' dir='ltr'>mus,</span> <span class='ocrx_word' id='word_1_73' title='bbox 323 1387 349 1416; x_wconf 87' lang='lat' dir='ltr'>a</span> <span class='ocrx_word' id='word_1_74' title='bbox 388 1369 526 1415; x_wconf 84' lang='lat' dir='ltr'>nobis</span> <span class='ocrx_word' id='word_1_75' title='bbox 568 1381 780 1433; x_wconf 89' lang='lat' dir='ltr'>suscepta</span> <span class='ocrx_word' id='word_1_76' title='bbox 815 1370 984 1430; x_wconf 83' lang='lat' dir='ltr'>legatio</span> <span class='ocrx_word' id='word_1_77' title='bbox 1020 1369 1201 1424; x_wconf 74' lang='lat' dir='ltr'>effecit,</span> <span class='ocrx_word' id='word_1_78' title='bbox 1247 1367 1554 1427; x_wconf 88' lang='lat' dir='ltr'>animumque</span> 
     </span>
     <span class='ocr_line' id='line_1_14' title="bbox 150 1442 1554 1510; baseline -0.002 -19"><span class='ocrx_word' id='word_1_79' title='bbox 150 1447 268 1508; x_wconf 84' lang='lat' dir='ltr'>regis</span> <span class='ocrx_word' id='word_1_80' title='bbox 287 1455 480 1510; x_wconf 85' lang='lat' dir='ltr'>perante</span> <span class='ocrx_word' id='word_1_81' title='bbox 502 1446 623 1498; x_wconf 88' lang='lat' dir='ltr'>male</span> <span class='ocrx_word' id='word_1_82' title='bbox 647 1446 785 1491; x_wconf 86' lang='lat' dir='ltr'>nobis</span> <span class='ocrx_word' id='word_1_83' title='bbox 809 1456 1028 1509; x_wconf 85' lang='lat' dir='ltr'>pacatum</span> <span class='ocrx_word' id='word_1_84' title='bbox 1049 1444 1112 1490; x_wconf 86' lang='lat' dir='ltr'>ob</span> <span class='ocrx_word' id='word_1_85' title='bbox 1133 1459 1188 1489; x_wconf 88' lang='lat' dir='ltr'>ea</span> <span class='ocrx_word' id='word_1_86' title='bbox 1206 1459 1307 1504; x_wconf 74' lang='lat' dir='ltr'>quae</span> <span class='ocrx_word' id='word_1_87' title='bbox 1328 1442 1554 1488; x_wconf 86' lang='lat' dir='ltr'>recensita</span> 
     </span>
     <span class='ocr_line' id='line_1_15' title="bbox 149 1518 1556 1584; baseline -0.002 -17"><span class='ocrx_word' id='word_1_88' title='bbox 149 1531 279 1581; x_wconf 90' lang='lat' dir='ltr'>sunt,</span> <span class='ocrx_word' id='word_1_89' title='bbox 311 1523 358 1566; x_wconf 92' lang='lat' dir='ltr'>in</span> <span class='ocrx_word' id='word_1_90' title='bbox 391 1520 540 1566; x_wconf 88' lang='lat' dir='ltr'>multo</span> <span class='ocrx_word' id='word_1_91' title='bbox 573 1522 802 1567; x_wconf 86' lang='lat' dir='ltr'>acriorem</span> <span class='ocrx_word' id='word_1_92' title='bbox 837 1532 985 1584; x_wconf 28' lang='lat' dir='ltr'>atque,</span> <span class='ocrx_word' id='word_1_93' title='bbox 1014 1519 1303 1567; x_wconf 83' lang='lat' dir='ltr'>acerbiorem</span> <span class='ocrx_word' id='word_1_94' title='bbox 1342 1518 1556 1579; x_wconf 84' lang='lat' dir='ltr'>indigna-</span> 
     </span>
     <span class='ocr_line' id='line_1_16' title="bbox 149 1596 1553 1662; baseline -0.003 -18"><span class='ocrx_word' id='word_1_95' title='bbox 149 1599 327 1644; x_wconf 89' lang='lat' dir='ltr'>tionem</span> <span class='ocrx_word' id='word_1_96' title='bbox 361 1598 590 1644; x_wconf 84' lang='lat' dir='ltr'>accendit.</span> <span class='ocrx_word' id='word_1_97' title='bbox 634 1601 748 1654; x_wconf 73' lang='lat' dir='ltr'>Quae</span> <span class='ocrx_word' id='word_1_98' title='bbox 788 1599 1161 1662; x_wconf 62' lang='lat' dir='ltr'>praesentientes,</span> <span class='ocrx_word' id='word_1_99' title='bbox 1205 1607 1249 1643; x_wconf 90' lang='lat' dir='ltr'>et</span> <span class='ocrx_word' id='word_1_100' title='bbox 1285 1596 1472 1659; x_wconf 86' lang='lat' dir='ltr'>qualem</span> <span class='ocrx_word' id='word_1_101' title='bbox 1505 1596 1553 1640; x_wconf 91' lang='lat' dir='ltr'>in</span> 
     </span>
     <span class='ocr_line' id='line_1_17' title="bbox 150 1674 1556 1737; baseline -0.003 -17"><span class='ocrx_word' id='word_1_102' title='bbox 150 1692 288 1721; x_wconf 89' lang='lat' dir='ltr'>suum</span> <span class='ocrx_word' id='word_1_103' title='bbox 320 1692 597 1737; x_wconf 84' lang='lat' dir='ltr'>germanum</span> <span class='ocrx_word' id='word_1_104' title='bbox 627 1686 945 1737; x_wconf 82' lang='lat' dir='ltr'>cunctosque,</span> <span class='ocrx_word' id='word_1_105' title='bbox 974 1692 1094 1737; x_wconf 85' lang='lat' dir='ltr'>quos</span> <span class='ocrx_word' id='word_1_106' title='bbox 1119 1674 1206 1721; x_wconf 87' lang='lat' dir='ltr'>sibi</span> <span class='ocrx_word' id='word_1_107' title='bbox 1240 1690 1376 1719; x_wconf 87' lang='lat' dir='ltr'>nosse</span> <span class='ocrx_word' id='word_1_108' title='bbox 1400 1680 1556 1735; x_wconf 82' lang='lat' dir='ltr'>posset</span> 
     </span>
     <span class='ocr_line' id='line_1_18' title="bbox 151 1751 1551 1814; baseline -0.002 -17"><span class='ocrx_word' id='word_1_109' title='bbox 151 1751 467 1798; x_wconf 87' lang='lat' dir='ltr'>benivolentia</span> <span class='ocrx_word' id='word_1_110' title='bbox 482 1753 686 1814; x_wconf 71' lang='lat' dir='ltr'>junctos,</span> <span class='ocrx_word' id='word_1_111' title='bbox 713 1753 925 1798; x_wconf 87' lang='lat' dir='ltr'>animum</span> <span class='ocrx_word' id='word_1_112' title='bbox 950 1763 1125 1813; x_wconf 83' lang='lat' dir='ltr'>gereret</span> <span class='ocrx_word' id='word_1_113' title='bbox 1145 1769 1242 1796; x_wconf 88' lang='lat' dir='ltr'>non</span> <span class='ocrx_word' id='word_1_114' title='bbox 1265 1752 1551 1812; x_wconf 80' lang='lat' dir='ltr'>ignorantes,</span> 
     </span>
     <span class='ocr_line' id='line_1_19' title="bbox 153 1826 1556 1888; baseline -0.002 -14"><span class='ocrx_word' id='word_1_115' title='bbox 153 1829 445 1876; x_wconf 88' lang='lat' dir='ltr'>decrevimus</span> <span class='ocrx_word' id='word_1_116' title='bbox 464 1829 511 1873; x_wconf 90' lang='lat' dir='ltr'>in</span> <span class='ocrx_word' id='word_1_117' title='bbox 532 1839 632 1874; x_wconf 88' lang='lat' dir='ltr'>tuto</span> <span class='ocrx_word' id='word_1_118' title='bbox 654 1845 740 1874; x_wconf 85' lang='lat' dir='ltr'>nos</span> <span class='ocrx_word' id='word_1_119' title='bbox 766 1830 814 1874; x_wconf 89' lang='lat' dir='ltr'>in</span> <span class='ocrx_word' id='word_1_120' title='bbox 838 1830 1047 1875; x_wconf 77' lang='lat' dir='ltr'>Lovanio</span> <span class='ocrx_word' id='word_1_121' title='bbox 1073 1839 1258 1888; x_wconf 85' lang='lat' dir='ltr'>nostro,</span> <span class='ocrx_word' id='word_1_122' title='bbox 1287 1829 1394 1873; x_wconf 88' lang='lat' dir='ltr'>loco</span> <span class='ocrx_word' id='word_1_123' title='bbox 1417 1826 1556 1872; x_wconf 84' lang='lat' dir='ltr'>nobis</span> 
     </span>
     <span class='ocr_line' id='line_1_20' title="bbox 154 1910 1552 1974; baseline -0.003 -17"><span class='ocrx_word' id='word_1_124' title='bbox 154 1910 214 1957; x_wconf 86' lang='lat' dir='ltr'>ab</span> <span class='ocrx_word' id='word_1_125' title='bbox 261 1911 369 1974; x_wconf 91' lang='lat' dir='ltr'>ipsis</span> <span class='ocrx_word' id='word_1_126' title='bbox 410 1911 733 1957; x_wconf 62' lang='lat' dir='ltr'>adolescentiae</span> <span class='ocrx_word' id='word_1_127' title='bbox 784 1912 919 1957; x_wconf 86' lang='lat' dir='ltr'>annis</span> <span class='ocrx_word' id='word_1_128' title='bbox 971 1912 1239 1970; x_wconf 88' lang='lat' dir='ltr'>notissimo,</span> <span class='ocrx_word' id='word_1_129' title='bbox 1285 1910 1552 1966; x_wconf 85' lang='lat' dir='ltr'>continere,</span> 
     </span>
     <span class='ocr_line' id='line_1_21' title="bbox 153 1988 1555 2052; baseline -0.001 -19"><span class='ocrx_word' id='word_1_130' title='bbox 153 1989 341 2051; x_wconf 85' lang='lat' dir='ltr'>illicque</span> <span class='ocrx_word' id='word_1_131' title='bbox 372 1989 578 2052; x_wconf 86' lang='lat' dir='ltr'>opperiri</span> <span class='ocrx_word' id='word_1_132' title='bbox 616 1989 653 2034; x_wconf 90' lang='lat' dir='ltr'>si</span> <span class='ocrx_word' id='word_1_133' title='bbox 686 1989 802 2034; x_wconf 88' lang='lat' dir='ltr'>forte</span> <span class='ocrx_word' id='word_1_134' title='bbox 836 1991 982 2048; x_wconf 91' lang='lat' dir='ltr'>Deus,</span> <span class='ocrx_word' id='word_1_135' title='bbox 1030 1989 1353 2035; x_wconf 81' lang='lat' dir='ltr'>infelicissimae</span> <span class='ocrx_word' id='word_1_136' title='bbox 1394 1988 1555 2051; x_wconf 86' lang='lat' dir='ltr'>patriae</span> 
     </span>
     <span class='ocr_line' id='line_1_22' title="bbox 157 2065 1558 2126; baseline -0.001 -17"><span class='ocrx_word' id='word_1_137' title='bbox 157 2065 397 2126; x_wconf 82' lang='lat' dir='ltr'>nostrique</span> <span class='ocrx_word' id='word_1_138' title='bbox 443 2065 687 2110; x_wconf 88' lang='lat' dir='ltr'>miseratus</span> <span class='ocrx_word' id='word_1_139' title='bbox 728 2065 930 2122; x_wconf 84' lang='lat' dir='ltr'>laboris,</span> <span class='ocrx_word' id='word_1_140' title='bbox 969 2082 1039 2111; x_wconf 87' lang='lat' dir='ltr'>res</span> <span class='ocrx_word' id='word_1_141' title='bbox 1080 2075 1262 2111; x_wconf 88' lang='lat' dir='ltr'>nostras</span> <span class='ocrx_word' id='word_1_142' title='bbox 1296 2066 1471 2110; x_wconf 89' lang='lat' dir='ltr'>laceras</span> <span class='ocrx_word' id='word_1_143' title='bbox 1512 2072 1558 2108; x_wconf 89' lang='lat' dir='ltr'>et</span> 
     </span>
     <span class='ocr_line' id='line_1_23' title="bbox 156 2140 1558 2205; baseline -0.001 -19"><span class='ocrx_word' id='word_1_144' title='bbox 156 2151 392 2203; x_wconf 85' lang='lat' dir='ltr'>quassatas</span> <span class='ocrx_word' id='word_1_145' title='bbox 424 2157 507 2187; x_wconf 86' lang='lat' dir='ltr'>sua</span> <span class='ocrx_word' id='word_1_146' title='bbox 544 2141 814 2202; x_wconf 83' lang='lat' dir='ltr'>dignatione</span> <span class='ocrx_word' id='word_1_147' title='bbox 852 2142 1108 2205; x_wconf 89' lang='lat' dir='ltr'>aliquando</span> <span class='ocrx_word' id='word_1_148' title='bbox 1147 2143 1193 2187; x_wconf 91' lang='lat' dir='ltr'>in</span> <span class='ocrx_word' id='word_1_149' title='bbox 1231 2142 1427 2187; x_wconf 86' lang='lat' dir='ltr'>meliora</span> <span class='ocrx_word' id='word_1_150' title='bbox 1461 2140 1558 2185; x_wconf 89' lang='lat' dir='ltr'>du·-</span> 
     </span>
     <span class='ocr_line' id='line_1_24' title="bbox 157 2218 646 2265; baseline 0.002 -2"><span class='ocrx_word' id='word_1_151' title='bbox 157 2228 281 2263; x_wconf 88' lang='lat' dir='ltr'>ceret</span> <span class='ocrx_word' id='word_1_152' title='bbox 304 2218 646 2265; x_wconf 87' lang='lat' dir='ltr'>instaurandas.</span> 
     </span>
    </p>

    <p class='ocr_par' dir='ltr' id='par_1_6' title="bbox 162 2296 1567 2743">
     <span class='ocr_line' id='line_1_25' title="bbox 224 2296 1560 2361; baseline -0.001 -20"><span class='ocrx_word' id='word_1_153' title='bbox 224 2296 366 2352; x_wconf 84' lang='lat' dir='ltr'>Quod</span> <span class='ocrx_word' id='word_1_154' title='bbox 391 2313 499 2341; x_wconf 88' lang='lat' dir='ltr'>cum</span> <span class='ocrx_word' id='word_1_155' title='bbox 526 2297 783 2342; x_wconf 78' lang='lat' dir='ltr'>laceremus</span> <span class='ocrx_word' id='word_1_156' title='bbox 800 2334 811 2355; x_wconf 88' lang='lat'>,</span> <span class='ocrx_word' id='word_1_157' title='bbox 841 2307 886 2342; x_wconf 89' lang='lat' dir='ltr'>et</span> <span class='ocrx_word' id='word_1_158' title='bbox 926 2314 1108 2344; x_wconf 87' lang='lat' dir='ltr'>menses</span> <span class='ocrx_word' id='word_1_159' title='bbox 1138 2299 1366 2361; x_wconf 85' lang='lat' dir='ltr'>plurimos</span> <span class='ocrx_word' id='word_1_160' title='bbox 1398 2297 1489 2341; x_wconf 89' lang='lat' dir='ltr'>illic</span> <span class='ocrx_word' id='word_1_161' title='bbox 1512 2296 1560 2339; x_wconf 88' lang='lat' dir='ltr'>in</span> 
     </span>
     <span class='ocr_line' id='line_1_26' title="bbox 162 2373 1561 2437; baseline -0.001 -20"><span class='ocrx_word' id='word_1_162' title='bbox 162 2373 338 2419; x_wconf 85' lang='lat' dir='ltr'>incerto</span> <span class='ocrx_word' id='word_1_163' title='bbox 359 2384 496 2435; x_wconf 84' lang='lat' dir='ltr'>atque</span> <span class='ocrx_word' id='word_1_164' title='bbox 523 2375 716 2437; x_wconf 89' lang='lat' dir='ltr'>ancipiti</span> <span class='ocrx_word' id='word_1_165' title='bbox 746 2374 1115 2434; x_wconf 71' lang='lat' dir='ltr'>detrivissemus,</span> <span class='ocrx_word' id='word_1_166' title='bbox 1147 2375 1408 2420; x_wconf 88' lang='lat' dir='ltr'>suadebant</span> <span class='ocrx_word' id='word_1_167' title='bbox 1430 2373 1561 2418; x_wconf 81' lang='lat' dir='ltr'>inulti</span> 
     </span>
     <span class='ocr_line' id='line_1_27' title="bbox 164 2449 1565 2515; baseline 0.001 -23"><span class='ocrx_word' id='word_1_168' title='bbox 164 2449 292 2509; x_wconf 85' lang='lat' dir='ltr'>quod</span> <span class='ocrx_word' id='word_1_169' title='bbox 317 2467 474 2496; x_wconf 90' lang='lat' dir='ltr'>secure</span> <span class='ocrx_word' id='word_1_170' title='bbox 497 2452 544 2497; x_wconf 92' lang='lat' dir='ltr'>in</span> <span class='ocrx_word' id='word_1_171' title='bbox 571 2451 771 2515; x_wconf 78' lang='lat' dir='ltr'>patriam</span> <span class='ocrx_word' id='word_1_172' title='bbox 801 2452 968 2497; x_wconf 62' lang='lat' dir='ltr'>reverti</span> <span class='ocrx_word' id='word_1_173' title='bbox 990 2461 1284 2515; x_wconf 82' lang='lat' dir='ltr'>poteramus,</span> <span class='ocrx_word' id='word_1_174' title='bbox 1316 2451 1565 2497; x_wconf 85' lang='lat' dir='ltr'>referentes</span> 
     </span>
     <span class='ocr_line' id='line_1_28' title="bbox 166 2525 1566 2590; baseline 0.002 -21"><span class='ocrx_word' id='word_1_175' title='bbox 166 2525 342 2586; x_wconf 77' lang='lat' dir='ltr'>regium</span> <span class='ocrx_word' id='word_1_176' title='bbox 365 2527 592 2587; x_wconf 87' lang='lat' dir='ltr'>animum,</span> <span class='ocrx_word' id='word_1_177' title='bbox 620 2528 753 2574; x_wconf 89' lang='lat' dir='ltr'>initio</span> <span class='ocrx_word' id='word_1_178' title='bbox 783 2528 975 2590; x_wconf 87' lang='lat' dir='ltr'>quidem</span> <span class='ocrx_word' id='word_1_179' title='bbox 1003 2528 1244 2576; x_wconf 84' lang='lat' dir='ltr'>turbatum</span> <span class='ocrx_word' id='word_1_180' title='bbox 1264 2538 1308 2574; x_wconf 88' lang='lat' dir='ltr'>et</span> <span class='ocrx_word' id='word_1_181' title='bbox 1336 2529 1402 2573; x_wconf 84' lang='lat' dir='ltr'>ira</span> <span class='ocrx_word' id='word_1_182' title='bbox 1426 2537 1566 2589; x_wconf 88' lang='lat' dir='ltr'>atque</span> 
     </span>
     <span class='ocr_line' id='line_1_29' title="bbox 167 2601 1567 2664; baseline 0.002 -18"><span class='ocrx_word' id='word_1_183' title='bbox 167 2601 486 2662; x_wconf 82' lang='lat' dir='ltr'>indignatione</span> <span class='ocrx_word' id='word_1_184' title='bbox 509 2614 621 2651; x_wconf 85' lang='lat' dir='ltr'>tunc</span> <span class='ocrx_word' id='word_1_185' title='bbox 644 2616 955 2664; x_wconf 87' lang='lat' dir='ltr'>commotum,</span> <span class='ocrx_word' id='word_1_186' title='bbox 978 2606 1025 2652; x_wconf 91' lang='lat' dir='ltr'>in</span> <span class='ocrx_word' id='word_1_187' title='bbox 1045 2605 1344 2652; x_wconf 84' lang='lat' dir='ltr'>clementiam</span> <span class='ocrx_word' id='word_1_188' title='bbox 1367 2614 1413 2649; x_wconf 88' lang='lat' dir='ltr'>et</span> <span class='ocrx_word' id='word_1_189' title='bbox 1435 2619 1567 2650; x_wconf 90' lang='lat' dir='ltr'>man-</span> 
     </span>
     <span class='ocr_line' id='line_1_30' title="bbox 169 2678 1567 2743; baseline 0.002 -21"><span class='ocrx_word' id='word_1_190' title='bbox 169 2678 461 2724; x_wconf 87' lang='lat' dir='ltr'>suetudinem</span> <span class='ocrx_word' id='word_1_191' title='bbox 490 2680 686 2725; x_wconf 89' lang='lat' dir='ltr'>omnino</span> <span class='ocrx_word' id='word_1_192' title='bbox 716 2682 1009 2739; x_wconf 87' lang='lat' dir='ltr'>revolutum,</span> <span class='ocrx_word' id='word_1_193' title='bbox 1048 2681 1371 2743; x_wconf 84' lang='lat' dir='ltr'>regalibusque</span> <span class='ocrx_word' id='word_1_194' title='bbox 1405 2681 1567 2727; x_wconf 83' lang='lat' dir='ltr'>edictis</span> 
     </span>
    </p>
   </div>
  </div>
 </body>
</html>
