1875 2956
690 177 834 210 LtssER
863 176 1057 211 PRIMUS.
1502 177 1574 212 269

247 266 300 307 Et
322 263 424 308 talis
444 264 603 324 utique
620 263 702 307 fuit
720 262 943 307 simulatae
965 271 1011 306 et
1026 261 1138 306 dolo
1153 260 1364 306 confictae
1384 262 1577 322 praefatae

179 339 420 400 legationis
449 339 653 385 effectus.
688 341 801 396 Quae
835 338 1045 401 profecto
1077 353 1174 382 non
1201 335 1264 382 ob
1292 335 1418 382 aliud
1444 337 1578 383 fuisse

179 417 435 476 excogitata
458 417 602 462 videri
631 417 805 480 potuit,
844 415 931 460 nisi
966 424 1018 459 ut
1047 413 1262 477 praefatus
1283 414 1579 458 Normanniae

179 492 292 550 dux,
313 492 371 538 de
394 493 470 538 illa
493 510 575 539 sua
606 508 774 554 magna
799 490 916 536 urbe
941 489 1306 551 Rothomagensi
1328 499 1575 549 extractus,

179 570 225 614 in
252 585 344 630 qua
368 569 538 615 talibus
567 568 743 615 insidiis
772 583 869 613 non
894 566 1026 611 facile
1052 566 1379 612 circumveniri
1406 567 1581 629 potuis-

179 655 270 703 set,
307 646 366 691 ad
391 647 572 709 patulos
597 645 739 690 saltus
773 642 1064 701 educeretur,
1093 643 1141 688 in
1167 641 1338 705 (suibus
1365 659 1474 688 cum
1495 643 1580 688 mi-

180 724 282 768 nori
306 723 575 768 difficultate
596 720 770 767 retibus
794 729 840 765 et
863 719 1041 781 laqueis
1059 729 1339 764 venatorum
1362 718 1581 764 concludi

180 809 223 844 et
243 800 467 845 coarctari
496 798 726 843 valuisset.
758 798 911 851 Quem
932 811 1040 840 cuni
1065 796 1128 841 ita
1151 795 1238 841 illis
1260 794 1482 840 eductum
1501 812 1580 858 pe-

180 877 334 921 riculis
356 886 401 922 et
416 884 743 938 praeservatuni
763 872 900 917 fuisse
926 871 986 917 ab
1010 873 1187 918 insidiis
1207 889 1304 917 non
1325 873 1581 934 ignorasset

180 970 258 998 rex
282 953 451 999 nostris
476 961 632 998 actum
653 949 877 1008 consiliis,
901 966 997 995 non
1022 948 1292 995 dubitamus
1323 949 1437 1010 quin
1472 966 1581 995 cau-

180 1030 239 1074 sis
258 1046 285 1075 a
309 1029 446 1075 nobis
467 1028 593 1091 prius
617 1025 836 1089 expositis
857 1025 958 1071 liaec
979 1026 1119 1071 etiam
1143 1027 1485 1071 incrementum
1510 1027 1580 1071 in-

180 1107 461 1168 dignationis
481 1104 699 1166 adjecerit
718 1102 1074 1164 acerbitatisque
1093 1102 1310 1148 nonnihil
1330 1102 1577 1160 addiderit,

180 1201 287 1229 cum
311 1200 357 1229 se
383 1192 542 1245 optata
568 1191 612 1226 et
634 1180 936 1225 vehementer
954 1180 1207 1242 concupita
1230 1180 1373 1242 ipsius
1390 1179 1460 1225 sui
1486 1194 1582 1240 ger-

180 1261 306 1306 mani
341 1259 713 1323 deprehensione
739 1257 967 1302 inveniret
1003 1257 1171 1302 nostris
1201 1256 1398 1302 consilio
1423 1265 1468 1301 et
1500 1272 1580 1301 co-

179 1336 444 1383 hortatione
471 1336 701 1381 delusum.

641 1517 977 1562 CAPITULUM
1010 1517 1109 1560 Vll.

443 1641 555 1674 Aliam
572 1652 710 1674 causam
730 1639 830 1686 regiae
843 1638 1096 1685 indignationis
1111 1640 1305 1675 continens.

248 1754 358 1799 Inde
384 1771 493 1800 vero
513 1790 524 1811 ,
553 1754 726 1798 scilicet
751 1769 807 1798 ex
833 1751 1163 1798 Ponte-Archae
1180 1789 1192 1810 ,
1229 1768 1340 1798 cum
1373 1751 1499 1797 idem
1531 1752 1581 1796 il-

183 1831 479 1876 lustrissimus
507 1831 602 1876 dux
635 1830 980 1891 Rothomaguin
1010 1831 1056 1874 in
1091 1839 1190 1874 tuto
1229 1846 1276 1874 se
1302 1830 1547 1892 recepisset
1566 1865 1578 1885 ,

184 1908 231 1952 in
258 1907 356 1952 dies
379 1924 432 1952 ex
455 1908 592 1952 variis
613 1907 727 1952 locis
752 1905 1061 1952 accurrebant
1093 1906 1244 1950 nuntii
1267 1906 1372 1968 qui,
1404 1922 1459 1952 ea
1481 1922 1583 1967 quse

183 2000 265 2046 per
295 2000 450 2044 regem
485 1983 814 2041 actitabantur,
852 1983 1121 2027 nuntiarent
1150 1999 1160 2026 :
1187 1982 1385 2044 qualiter
1412 1982 1584 2027 scilicet

183 2059 359 2122 oppida
381 2069 423 2105 et
451 2059 636 2105 castella
660 2068 798 2122 atque
822 2059 1027 2104 civitates
1048 2058 1370 2116 T=401·1na1miae,
1402 2068 1452 2103 ut
1479 2060 1584 2103 Ver-

184 2154 376 2195 nonem,
410 2137 774 2194 Carentoniuni,
804 2136 1050 2192 Oxiniuin,
1083 2136 1336 2194 Falesiam,
1371 2137 1582 2197 Sagium'

184 2213 364 2275 aliaque
388 2214 590 2276 plurima
608 2213 729 2267 loca,
754 2213 997 2275 ipsamque
1017 2212 1249 2258 civitatem
1275 2222 1482 2258 nostram
1505 2215 1583 2256 Le-

187 2291 391 2349 xovium,
410 2307 525 2353 quas
540 2290 698 2353 paucis
715 2299 822 2334 ante
840 2289 1007 2334 diebus
1027 2289 1113 2334 sub
1134 2289 1390 2335 arctissimo
1414 2289 1583 2335 foedere

185 2377 229 2411 et
251 2368 525 2413 sacramenti
547 2367 769 2428 religione
792 2365 974 2412 firmato
995 2366 1121 2412 (licto
1145 2383 1368 2428 germano
1394 2383 1478 2429 pro
1502 2382 1585 2411 sua

185 2443 387 2503 legitima
412 2454 615 2506 paternae
644 2443 923 2489 haereditatis
951 2444 1168 2507 portione
1201 2444 1475 2503 assignarat,
1503 2441 1583 2487 de-

189 2535 284 2564 nuo
316 2521 558 2584 recepisset
577 2530 623 2565 et
651 2520 711 2566 ad
735 2537 866 2566 suam
907 2521 1186 2584 reposuisset
1209 2536 1428 2575 inanum,
1458 2534 1586 2562 eum-

246 2640 282 2673 1.
314 2639 464 2673 Vernon
481 2666 489 2681 ,
510 2638 694 2674 Carentan
710 2666 718 2681 ‚
740 2640 877 2674 Exmes
891 2666 900 2682 ,
922 2639 1064 2675 Falaise
1078 2666 1087 2682 ‚
1109 2639 1213 2674 seez.
