1875 2956
244 235 316 268 {10
605 228 939 265 [HSTORIARUM
968 227 1201 263 LUDOVICI
1231 229 1285 262 XI

242 319 467 365 abeuntes
498 319 751 381 plurimum
785 313 1110 359 molestabant.
1142 313 1339 358 Dimissa
1368 329 1557 375 quoque
1586 312 1647 357 ad

242 411 413 458 pascua
450 394 523 440 vel
562 394 701 440 saltus
736 390 956 436 animalia
993 389 1190 435 civitatis
1222 399 1355 451 rapta
1384 389 1648 451 frequenter

243 471 524 533 abigebant,
555 486 608 515 ac
638 468 775 513 variis
803 465 955 511 modis
990 474 1035 510 et
1067 463 1409 526 frequentibus,
1438 474 1484 510 et
1519 480 1649 528 paene

243 548 530 611 quotidianis
565 542 909 591 incursionibus
926 578 937 599 ,
970 542 1144 587 damna
1169 541 1344 586 civitati
1369 541 1645 588 inferebant.

245 627 353 670 Erat
387 625 561 686 quippe
591 623 924 675 inveteratum,
955 619 1022 664 uti
1061 617 1274 676 aiebant,
1320 616 1651 663 dominorum¹

244 701 334 745 loci
361 700 482 745 illius
507 698 671 744 odium
696 697 757 742 ad
788 696 1050 752 civitatem,
1075 705 1121 740 et
1148 695 1249 740 vice
1272 709 1431 750 versa;
1456 703 1654 739 certum-

246 793 336 838 que
353 775 492 837 vulgo
509 789 763 819 commune
777 771 1104 836 proverbium,
1124 771 1255 833 quod
1274 770 1454 816 domini
1473 769 1532 815 de
1546 770 1656 815 Isel-

245 855 383 910 stein,
411 852 567 899 adhuc
588 853 634 897 in
657 861 861 897 matrum
883 849 1025 895 uteris
1039 849 1201 905 clausi,
1224 849 1381 893 hostes
1401 847 1657 909 Trajecten-

247 932 392 986 sium,
441 930 714 993 priusquam
763 928 810 972 in
864 927 987 973 hanc
1031 926 1185 971 lucem
1223 925 1474 970 ederentur
1492 959 1503 979 ,
1561 939 1658 969 esse

251 1008 471 1053 solerent.

314 1087 562 1129 M(›x·eru1]t
596 1082 752 1144 itaque
781 1097 834 1126 ex
869 1081 1052 1131 civitate
1074 1077 1353 1141 Trajectensi
1377 1077 1659 1122 Clivensium

250 1162 437 1224 copiae²,
472 1161 595 1205 circa
631 1167 835 1219 quatuor
865 1157 1009 1202 millia
1048 1156 1290 1219 peditum,
1329 1153 1529 1199 ducibus
1566 1156 1659 1198 En-

252 1237 496 1299 ghelberto
523 1246 570 1282 et
594 1235 793 1281 domino
822 1234 880 1279 de
915 1232 1208 1292 Monteforti,
1239 1241 1286 1278 et
1311 1247 1384 1289 se,
1412 1246 1495 1294 per
1527 1246 1662 1291 agros

253 1325 295 1359 et
326 1330 527 1377 pascua,
563 1312 649 1375 ipsi
683 1310 914 1374 oppidulo
950 1310 1071 1355 ultra
1100 1319 1284 1355 tantum
1310 1312 1490 1370 jactum
1518 1306 1665 1352 missi-

252 1393 368 1437 lium
390 1391 706 1454 propinquos,
735 1388 1025 1446 effuderunt,
1051 1387 1178 1432 velut
1204 1385 1486 1449 oppidulum
1510 1383 1665 1429 obses-

255 1470 349 1515 suri
370 1471 398 1513 3.
438 1469 529 1524 Qui
561 1483 696 1524 cum,
738 1466 836 1511 siue
869 1466 991 1511 fossa
1025 1466 1118 1510 illic
1155 1475 1197 1509 et
1235 1464 1359 1509 vallo
1390 1473 1469 1509 aut
1506 1463 1663 1524 aliquo

256 1547 348 1591 alio
374 1545 699 1601 munimento,
737 1543 945 1604 quinque
968 1551 1047 1587 aut
1069 1557 1146 1587 sex
1171 1540 1270 1585 dies
1297 1539 1491 1602 dispersi
1514 1574 1523 1594 ‚
1554 1539 1665 1583 hinc

258 1622 366 1667 inde
397 1621 664 1683 jacuissent,
692 1618 926 1682 pecudum
957 1619 1113 1681 potius
1144 1633 1287 1679 quam
1312 1616 1512 1661 militum
1535 1631 1666 1660 more

258 1710 383 1759 [non
425 1697 551 1742 enim
593 1695 854 1740 secundum
898 1694 1194 1756 disciplinam
1232 1692 1482 1737 militarem
1519 1701 1668 1737 castra

258 1774 416 1819 metati
442 1782 575 1818 erant
596 1781 674 1816 aut
697 1770 1103 1831 communierant)
1124 1807 1135 1828 ,
1164 1768 1302 1813 taedio
1329 1768 1466 1813 simul
1495 1777 1541 1813 et
1570 1768 1668 1812 vic-

259 1851 453 1895 tualium
490 1848 673 1894 caristia
709 1857 848 1909 atque
897 1847 1081 1892 raritate
1121 1845 1392 1905 diffatigati,
1433 1844 1561 1889 nulla
1601 1852 1668 1889 at-

262 1937 434 1974 tentata
466 1925 836 1990 expugnatione,
867 1922 1130 1969 inefficaces
1168 1931 1214 1966 et
1240 1922 1375 1967 vacui
1409 1922 1670 1984 Trajectum

262 2006 516 2052 redierunt.
558 2003 693 2048 Unde
722 2019 854 2061 cum,
892 2011 997 2064 post
1037 2000 1157 2045 duos
1193 2009 1273 2045 aut
1303 2009 1394 2044 tres
1423 1998 1548 2055 dies,
1583 2013 1671 2043 nec

264 2081 492 2146 stipendia
516 2081 832 2144 perciperent,
867 2095 953 2123 nec
976 2076 1218 2135 victualia,
1249 2076 1336 2121 nisi
1361 2091 1470 2120 caro
1503 2074 1668 2120 admo-

265 2159 402 2217 dum,
439 2174 712 2221 comparare
742 2157 977 2214 valerent,
1016 2155 1115 2200 sine
1155 2153 1251 2198 ullo
1291 2153 1476 2215 penitus
1518 2151 1669 2197 fructu

267 2238 334 2282 vel
378 2236 561 2281 honore
611 2235 692 2297 ipsi
741 2234 974 2280 Clivenses
1018 2241 1127 2277 sunt
1168 2230 1334 2276 reversi
1386 2230 1429 2274 in
1472 2229 1670 2291 patriam

266 2330 414 2359 suam.

351 2394 654 2452 ’ieposuerant
687 2397 822 2432 antea
861 2401 1078 2446 magnam
1121 2385 1218 2447 spei
1256 2400 1347 2429 suae
1375 2393 1553 2445 partem
1588 2383 1670 2445 ipsi

272 2468 461 2512 rebelles
492 2466 804 2526 'l'rajecleuses
844 2463 889 2506 in
927 2462 1098 2513 auxilio
1139 2461 1272 2505 ducis
1302 2460 1553 2518 (Ilivensis3
1591 2459 1669 2504 scd

330 2588 360 2621 l.
393 2587 462 2620 Les
485 2586 656 2633 lignium.

326 2649 363 2684 2.
395 2645 528 2682 Manli.
552 2660 568 2677 <x
589 2647 639 2679 Ex
663 2642 812 2678 civitate
832 2641 1124 2685 'l'rajectensium
1145 2649 1181 2675 et
1200 2639 1425 2677 Clivensium
1448 2639 1578 2688 copiae.
1602 2655 1617 2671 ›»

329 2712 364 2746 2³..
400 2709 447 2742 26
472 2707 556 2743 amit
582 2708 698 2742 1482.
