1875 2956
730 231 871 264 LIBER
902 231 1098 266 PRIMUS.
1540 234 1611 268 347

218 317 413 362 cationis
463 318 674 379 corporis
726 326 771 362 et
812 316 1054 363 bonorum
1104 334 1297 362 suorum
1347 318 1609 364 incurrisse.

219 392 341 437 Proh
370 391 498 438 nefas
528 402 573 438 et
604 393 851 455 indignum
879 392 1072 452 facinus,
1096 403 1235 456 atque
1258 409 1397 456 supra
1424 410 1615 441 omnem

216 465 527 513 barbarorum
559 468 754 513 modum
788 468 1072 514 exsecranda
1112 469 1331 531 iniquitas
1368 478 1414 514 et
1448 470 1615 515 crude-

215 542 341 590 litas!
366 547 524 607 Neque
547 546 673 590 enim
691 545 849 605 aliquo
870 544 1149 606 cujusquam
1167 546 1354 591 decreto
1371 546 1442 591 vel
1461 546 1616 592 edicto

215 621 436 684 principis
463 637 672 682 unquam
702 620 889 681 relegati
912 636 993 665 seu
1021 620 1203 667 banniti
1235 621 1405 667 fuimus
1428 623 1498 667 vel
1521 639 1618 669 era-

215 713 341 754 mus,
369 714 456 742 nec
477 706 733 760 proventus
757 696 1068 758 spiritualium
1101 707 1369 743 nostrorum
1400 707 1512 744 tunc
1548 716 1618 745 ar-

213 775 368 818 restati
390 774 463 819 vel
487 773 698 836 impediti
723 771 861 818 nobis
890 783 1049 832 erant,
1076 783 1121 819 et
1144 774 1191 819 in
1215 775 1349 819 terris
1377 776 1472 836 regi
1504 785 1616 821 tunc

212 851 343 895 nullo
370 850 515 895 modo
539 850 739 894 inimicis
766 848 1167 908 consistebamus,
1199 851 1280 896 sed
1306 851 1364 897 acl
1390 868 1521 914 quas,
1549 853 1616 898 uti

211 926 439 985 diximus,
473 925 660 989 publice
690 942 744 971 ac
775 925 922 972 libere
957 926 1181 972 omnibus
1209 928 1458 989 regnicolis
1490 939 1616 992 pate-

209 1001 325 1047 bant
355 1019 566 1048 accessus
597 1012 642 1047 et
679 1003 978 1049 commercia.
1015 1006 1071 1048 Et
1107 1013 1265 1049 tamen
1300 1021 1387 1067 pro
1421 1006 1615 1051 crimine

209 1078 395 1140 capitali
418 1078 478 1124 ab
516 1079 603 1123 illis
638 1079 780 1141 aequis
800 1077 1038 1140 judicibus
1061 1078 1321 1125 ducebatur
1346 1080 1475 1142 quod
1504 1081 1615 1126 dicti

209 1164 491 1200 mercatores
515 1156 590 1201 vel
606 1171 633 1201 a
650 1156 819 1200 nostris
845 1155 906 1201 ad
928 1171 1015 1201 nos
1036 1156 1270 1218 epistolas,
1295 1157 1369 1201 vel
1396 1174 1616 1203 nummos

209 1231 505 1290 detulissent,
547 1231 718 1277 talibus
762 1231 974 1295 profecto
1019 1233 1196 1278 meritis
1239 1234 1528 1279 incurrentes
1565 1235 1612 1279 in

208 1308 324 1354 illud
358 1309 685 1372 propheticum
721 1309 1025 1355 maledictum
1053 1327 1061 1353 τ
1095 1329 1117 1353 «
1145 1308 1253 1355 Vae!
1289 1311 1370 1372 qui
1401 1311 1614 1356 condunt

207 1385 329 1448 leges
354 1387 564 1448 iniquas,
593 1396 638 1432 et
666 1386 922 1432 scribentes
944 1387 1217 1448 injustitiam
1246 1388 1529 1449 scripserunt
1563 1398 1615 1433 ut

209 1464 529 1525 opprimerent
548 1464 594 1508 in
610 1464 789 1525 judicio
804 1479 1052 1526 pauperes,
1075 1473 1120 1508 et
1133 1464 1229 1508 vim
1244 1463 1448 1509 facerent
1465 1480 1614 1510 causae

208 1538 458 1584 humilium
499 1540 662 1602 populi
696 1540 816 1597 mei,
853 1540 933 1600 qui
957 1539 1121 1584 dicunt
1156 1540 1340 1585 bonum
1366 1540 1544 1585 malum
1570 1551 1615 1586 et

207 1616 382 1660 malum
412 1615 625 1675 bonum,
652 1626 883 1679 ponentes
913 1616 1067 1662 lucem
1091 1616 1308 1663 tenebras
1328 1627 1373 1662 et
1397 1617 1614 1664 tenebras

206 1690 376 1737 lucem.
417 1692 542 1748 Quid
567 1692 742 1738 facietis
765 1693 813 1737 in
843 1693 918 1738 die
949 1693 1224 1739 visitationis
1260 1703 1305 1738 et
1340 1694 1614 1741 calamitatis

208 1767 266 1812 de
296 1768 436 1830 longe
473 1769 753 1815 venientes?
790 1769 858 1814 Ad
893 1769 1024 1831 cujus
1058 1770 1336 1831 confugietis
1361 1772 1612 1817 auxilium?

208 1854 295 1890 etc.
329 1865 350 1886 »

270 1921 361 1966 Sed
393 1931 439 1967 et
466 1922 581 1968 alius
608 1921 833 1968 honestus
861 1922 974 1967 civis
1015 1922 1428 1985 Rothomagensis‚
1473 1923 1612 1971 nobis

207 1997 442 2044 affinitatis
483 2000 832 2063 propinquitate
874 2001 1178 2062 conjunctus,
1222 2002 1487 2048 vicinorum
1531 2003 1612 2049 de·

207 2076 391 2121 territus
411 2077 583 2139 poenis,
611 2087 774 2123 contra
800 2093 916 2139 quas
938 2077 1025 2122 sibi
1053 2078 1234 2124 nullum
1254 2079 1370 2141 juris
1386 2079 1609 2125 auxilium

208 2152 279 2198 vel
302 2153 563 2199 remedium
585 2169 682 2200 esse
717 2154 922 2213 sciebat,
956 2171 1013 2200 eo
1038 2156 1166 2216 quod
1193 2166 1239 2201 et
1271 2158 1485 2202 conscius
1520 2157 1609 2203 sibi

207 2239 323 2276 esset
346 2230 405 2276 ad
436 2248 540 2291 nos,
561 2232 698 2277 simili
721 2232 1113 2277 commerciorum
1138 2232 1348 2278 libertate
1372 2243 1605 2290 currente,

208 2321 427 2352 nummos
450 2307 633 2370 aliquos
669 2307 885 2354 detulisse
911 2308 958 2352 in
996 2307 1294 2355 Brabantiam
1312 2346 1323 2368 ,
1354 2310 1610 2373 prudenter

207 2381 598 2430 calumniatorum
622 2394 760 2446 atque
787 2401 1119 2448 oppressorum
1153 2386 1459 2433 innocentum
1485 2387 1607 2433 furo-

207 2474 307 2504 rem
341 2462 653 2522 praeveniens,
690 2461 864 2524 jactato
897 2462 1107 2508 similiter
1143 2463 1191 2509 in
1229 2479 1395 2509 eorum
1437 2480 1606 2510 manus

207 2550 378 2598 magno
418 2538 518 2582 auri
557 2538 743 2601 pondo,
787 2538 863 2584 vix
903 2554 962 2584 ne
1002 2539 1051 2584 in
1090 2554 1325 2585 carcerem
1367 2550 1606 2602 raperetur

206 2613 373 2671 evasit,
412 2630 593 2676 semper
616 2624 770 2660 tamen
804 2616 968 2660 anxius
994 2632 1189 2661 manens
1210 2626 1255 2661 et
1277 2616 1448 2661 dubius
1473 2634 1530 2661 ne
1558 2618 1604 2662 in

207 2689 304 2734 dies
341 2690 412 2734 vel
447 2689 507 2735 ab
532 2690 729 2749 eisdem,
763 2691 835 2737 vel
860 2690 919 2737 ab
946 2692 1047 2737 aliis
1081 2692 1214 2737 novis
1255 2692 1601 2751 commissariis‚
