1875 2956
264 224 363 265 164.
621 221 961 256 fflSTORlARUM
992 222 1225 257 LUDOVICl
1254 223 1306 256 Xl

260 310 488 355 Paulatim
521 325 629 353 xero
653 310 717 353 eis
747 308 804 353 de
831 307 1064 370 stipendio
1095 308 1355 366 satisfactis,
1384 325 1464 370 per
1490 318 1665 353 turmas

259 386 444 432 civitate
459 385 682 431 excedere
704 394 748 431 et
764 385 855 430 alio
871 383 1018 444 abire,
1044 401 1139 447 quo
1157 384 1376 447 princeps
1395 384 1660 442 ordinabat,

257 464 484 526 compulsi
523 472 651 519 sunt,
694 471 739 506 et
777 460 1087 524 pedetentim,
1121 460 1208 506 sub
1247 459 1461 505 ordinem
1499 462 1563 507 eis
1594 478 1663 507 re-

258 541 420 598 dactis,
447 540 674 585 xiolentia·
699 555 877 585 cessare
901 555 1071 601 magna
1092 557 1144 585 ex
1166 548 1296 602 parte
1319 550 1576 600 coeperunt.

324 617 559 663 {minorati
590 617 883 678 aliquantum
910 617 1026 662 forte
1049 616 1187 662 latius
1210 632 1370 661 sumus
1395 616 1455 660 ad
1483 617 1663 679 Trajec-

257 703 406 738 tenses
443 690 708 737 referendas
743 690 995 736 seditiones
1032 690 1407 752 rebellionesque
1446 690 1665 736 adversus

254 784 390 813 suum
416 765 713 829 pontificem,
743 767 802 812 ad
830 782 945 829 quas
970 766 1030 812 ab
1056 766 1251 827 antiquo
1276 765 1505 829 proclives
1529 775 1575 810 et
1596 782 1665 811 as-

253 853 409 889 suetos
434 842 575 888 fuisse
602 859 769 888 eorum
795 843 840 886 in
872 842 1122 888 annalibus
1146 852 1286 904 atque
1318 841 1523 886 historiis
1548 842 1666 888 rela-

255 931 354 965 tum
378 919 631 978 invenitur,
664 929 708 963 et
732 919 888 964 forsan
919 920 1120 982 amplius
1152 935 1296 981 quam
1326 927 1540 963 nostrum
1564 935 1667 981 pos-

251 1008 377 1044 ceret
405 998 666 1043 institutum
702 1014 968 1059 munusque
995 1006 1279 1060 susceptum.
1317 996 1405 1042 Sed
1439 996 1664 1058 quoniam

253 1075 297 1119 in
332 1074 416 1120 has
444 1073 724 1119 rebelliones
751 1074 1046 1118 incurrerunt
1073 1072 1160 1118 sub
1191 1089 1246 1118 ea
1277 1088 1420 1134 quam
1444 1071 1667 1134 gerebant

249 1169 330 1215 spe
357 1151 489 1213 quod
519 1154 809 1196 Francorum
843 1166 940 1209 rex,
967 1150 1046 1212 qui
1077 1149 1255 1194 bellum
1284 1149 1506 1194 adversus
1540 1149 1664 1194 illus-

252 1228 503 1273 trissimum
537 1226 907 1272 Maximilianum
946 1242 1146 1287 suasque
1188 1235 1333 1270 terras
1370 1235 1661 1288 susceperat,

250 1322 355 1350 suas
393 1320 683 1367 suorumque
716 1304 838 1349 vires
876 1303 1073 1349 omnino
1111 1312 1400 1366 protereret,
1428 1312 1665 1365 terrasque

250 1398 356 1426 suas
375 1381 590 1425 dominio
612 1397 697 1425 suo
718 1379 957 1441 adjiceret,
989 1396 1061 1437 ae,
1092 1397 1176 1443 per
1199 1380 1314 1439 haec,
1342 1380 1430 1442 ipsi
1451 1379 1509 1424 de
1534 1380 1665 1426 totali

252 1460 388 1504 ruina
421 1458 592 1503 domus
626 1456 906 1518 Burgundiae
938 1457 1103 1518 suique
1135 1456 1397 1518 dejectione
1430 1456 1666 1518 pontificis

250 1536 369 1597 (qui,
407 1535 473 1580 uti
498 1534 710 1597 superius
737 1533 998 1590 retulimus,
1038 1543 1135 1578 erat
1158 1533 1280 1578 filius
1310 1534 1532 1578 naturalis
1558 1533 1665 1578 Phi-

248 1611 362 1674 lippi
397 1612 629 1673 fraterque
661 1611 841 1666 Caroli,
881 1610 1067 1655 illustris
1109 1611 1344 1655 memoria*
1374 1610 1666 1672 Burgundio·

253 1702 367 1729 num
403 1684 599 1745 ducum]
634 1701 770 1729 suum
808 1684 1101 1746 complerem
1135 1683 1419 1729 desiderium
1453 1684 1579 1745 (nam
1616 1685 1661 1728 in

250 1778 331 1807 eos
360 1760 644 1824 implacabili
680 1778 810 1824 paene
844 1760 954 1804 odio
990 1776 1159 1821 magna
1194 1777 1362 1805 eorum
1395 1777 1501 1823 pars
1538 1761 1662 1806 inar-

251 1838 517 1900 descehai);
547 1838 685 1883 simul
710 1838 848 1882 etiam
876 1837 986 1899 quia
1002 1847 1114 1882 tune
1140 1840 1268 1896 nos¹,
1295 1836 1505 1899 ejusdem
1527 1830 1664 1883 acco-

252 1915 331 1960 la=‘·'
363 1915 583 1974 cixitatis,
621 1931 814 1960 omnem
853 1914 917 1959 rei
948 1914 1117 1958 seriem
1145 1914 1330 1976 plenius
1354 1915 1658 1976 agnovimus:

253 1992 430 2038 idcirco
450 2009 545 2037 non
567 1991 627 2038 ab
650 2008 698 2037 re
718 1992 836 2036 inter
861 2001 987 2052 gesta
1009 1991 1233 2036 Ludovici
1256 1992 1391 2053 regis,
1414 2009 1516 2054 quae
1532 2008 1663 2037 enar—

253 2067 401 2113 randa
421 2069 726 2131 suscel)in1uS‚
747 2067 870 2112 lianc
886 2067 1095 2130 ipsorum
1117 2067 1477 2128 Trajeetensium
1497 2077 1662 2128 tragoe-

254 2144 380 2190 diam
423 2144 718 2189 insercndam
741 2161 856 2189 esse
895 2144 1178 2206 putavimus.
1219 2147 1320 2205 lpse
1356 2144 1481 2188 enim
1514 2144 1662 2189 sciens

255 2221 519 2267 inimicitias
543 2237 658 2282 quas
684 2220 744 2266 ad
771 2220 1020 2265 dominum
1054 2219 1442 2276 Maximilianum,
1476 2220 1660 2266 hostem

252 2317 407 2358 suum,
431 2315 663 2360 suumque
687 2297 968 2343 exercebant
987 2296 1274 2359 pontificem,
1299 2314 1379 2342 eos
1404 2317 1424 2338 ι(
1450 2314 1558 2343 suos
1578 2297 1659 2343 bo-

254 2394 340 2422 nos
370 2377 547 2422 amicos
574 2395 594 2418 »
634 2375 869 2439 appellare
902 2383 1175 2431 consuerat,
1204 2384 1246 2418 (·t
1279 2390 1362 2436 per
1394 2374 1567 2419 litteras
1597 2375 1661 2420 eis

253 2454 476 2499 auxilium
502 2462 717 2516 prastare
737 2452 885 2496 fuerat
908 2449 1156 2513 pollicitus.
1189 2450 1329 2506 Quod
1352 2451 1660 2513 quemadmo-

308 2633 343 2666 1.
374 2631 433 2667 δι’(-
457 2629 673 2673 Manlia-11³3
696 2643 754 2663 cns
775 2628 866 2665 (lans
887 2628 919 2663 lc
941 2641 1008 2662 ιιικ.

306 2694 344 2729 2.
376 2691 574 2728 Matthaeus
597 2694 731 2727 incola.
