1875 2956
701 221 839 255 LIBER
869 218 1064 254 PRIMUS.
1501 217 1568 251 :351

183 307 469 371 percipiendi
496 317 541 353 et
568 307 815 369 colligendi
839 305 1178 360 conceduntur,
1205 302 1376 348 nullius
1393 302 1578 347 alterius

185 385 248 429 rei
298 400 458 429 curam
507 395 666 445 gerant
713 400 853 445 quam
902 392 954 427 ut
971 419 982 441 ,
1035 381 1236 426 maxime
1279 377 1577 424 corradentes

183 476 487 522 quaecumque
512 470 722 524 possunt,
745 476 828 506 sua
850 459 907 504 de
927 468 1022 503 tam
1048 457 1270 517 sacrilego
1297 463 1473 516 quaestu
1496 454 1580 498 far-

182 536 307 582 ciant
332 539 589 600 marsupia,
620 553 771 599 neque
802 536 887 580 Dei
921 535 1166 591 timorem,
1194 547 1346 592 neque
1371 530 1512 576 decus
1535 539 1581 575 et

182 613 415 659 honorem
437 615 639 660 ecclesiae
662 614 733 659 vel
765 612 1009 657 utilitatem
1032 610 1259 656 habentes
1286 625 1380 671 prae
1413 607 1576 664 oculis,

183 690 264 736 sed
282 691 415 736 nihili
435 704 622 754 prorsus
644 690 948 753 pensitantes;
969 687 1066 748 jam
1085 686 1220 731 annis
1244 684 1386 730 ferme
1408 700 1579 729 novem

184 783 272 812 nos
307 777 352 813 et
388 768 629 814 ecclesiam
673 776 812 828 atque
853 773 1038 810 nostros
1079 761 1406 824 hujuscemodi
1445 762 1580 807 fuisse

184 843 523 890 calamitatibus
547 843 806 900 involutos3
833 858 989 904 regem
1015 856 1198 903 semper
1223 838 1360 884 fuisse
1381 839 1583 901 pertina-

184 920 364 965 cissime
390 918 693 966 obfirmatum
726 935 982 982 pravorum
1016 914 1390 978 suggestionibus
1417 924 1463 960 et
1484 931 1582 960 ma-

184 995 519 1055 chinamentis,
546 995 676 1058 quod
707 1011 953 1057 nunquam
977 993 1285 1057 permissurus
1310 992 1367 1037 sit
1397 1001 1582 1055 tempo-

185 1070 351 1115 ralium
375 1071 579 1116 ecclesiae
601 1086 689 1116 nos
713 1070 1116 1116 administratione
1144 1069 1308 1131 potiri,
1332 1084 1419 1113 nec
1445 1068 1518 1113 vel
1535 1068 1583 1112 in

184 1147 373 1194 dioecesi
402 1149 475 1194 vel
501 1149 549 1194 in
573 1149 816 1212 provincia
837 1148 1067 1206 residere;
1093 1148 1222 1210 quod
1258 1148 1295 1193 si
1317 1146 1584 1210 permittere

184 1241 232 1270 se
266 1224 465 1285 diceret,
501 1242 556 1271 ex
593 1225 665 1271 his
697 1236 854 1272 tamen
884 1242 986 1288 quae
1025 1225 1083 1270 de
1114 1225 1206 1270 suis
1235 1222 1581 1281 securitatibus,

185 1299 276 1345 fide
301 1310 440 1363 atque
459 1302 633 1364 justitia
651 1339 662 1361 ,
694 1312 794 1347 tum
819 1303 868 1348 in
903 1301 1041 1347 nobis
1064 1302 1195 1365 ipsis,
1223 1311 1322 1346 tum
1349 1301 1396 1346 in
1420 1315 1584 1362 quam-

184 1376 396 1438 plurimis
445 1379 546 1424 aliis
589 1388 830 1442 comperta
873 1378 1156 1436 habuimus,
1203 1394 1301 1422 non
1342 1394 1389 1422 se
1427 1375 1586 1421 videre

186 1454 384 1514 qualiter
414 1454 473 1500 de
506 1455 615 1518 ipsis
646 1455 742 1500 ullo
775 1464 915 1518 pacto
955 1454 1099 1499 fidere
1129 1452 1422 1499 deberemus.
1459 1453 1584 1506 Qua-

186 1540 378 1591 propter
399 1531 629 1594 supplices
651 1541 696 1576 et
712 1531 804 1576 alta
824 1531 1058 1576 trahentes
1081 1530 1295 1592 suspiria,
1319 1528 1459 1574 nobis
1481 1543 1588 1590 sup-

186 1606 419 1669 plicarunt
455 1618 706 1670 quatenus,
742 1624 830 1671 pro
867 1607 1139 1669 hujusmodi
1170 1607 1343 1666 causis,
1385 1605 1588 1651 ecclesia:

189 1683 394 1745 primum
409 1721 420 1741 ,
449 1685 524 1729 cui
548 1684 823 1730 famulatum
848 1694 1062 1730 nostrum
1085 1684 1358 1746 impendere
1383 1699 1479 1727 non
1502 1697 1588 1744 po-

188 1768 413 1819 teramus,
441 1761 591 1806 causis
628 1777 743 1823 quas
773 1761 975 1806 diximus
1009 1770 1055 1805 et
1077 1760 1308 1806 riolentiis
1334 1757 1584 1822 prohibiti,

190 1836 332 1897 quieti
353 1837 493 1882 etiam
522 1846 689 1882 nostrae
718 1847 856 1899 atque
879 1838 981 1881 vitae
1014 1846 1059 1881 et
1087 1846 1230 1882 status
1263 1836 1333 1881 sui
1356 1836 1588 1882 securitati

191 1921 558 1975 caeterorumque
575 1951 586 1973 ,
629 1913 736 1975 qui,
783 1912 992 1958 similiter
1033 1922 1084 1958 ut
1123 1913 1234 1975 ipsi,
1282 1911 1369 1957 sub
1414 1912 1588 1974 ingenti

189 2004 364 2051 pavore
393 1999 532 2051 atque
572 1989 822 2034 formidine
861 1987 923 2034 ob
960 2005 1147 2035 causam
1173 1989 1319 2034 nostri
1353 1989 1496 2034 vitam
1520 1989 1590 2034 in-

192 2064 369 2111 felicem
395 2066 603 2124 trahunt,
630 2066 895 2129 prospicere
916 2076 1055 2128 atque
1078 2066 1321 2112 consulere
1347 2066 1591 2112 vellemus.-

252 2143 417 2190 Audita
440 2144 595 2207 itaque
619 2154 665 2189 et
689 2144 876 2204 cognita
900 2144 1161 2190 calamitate
1182 2144 1229 2188 in
1257 2159 1350 2205 qua
1379 2153 1424 2189 et
1449 2144 1592 2189 eccle-

192 2221 258 2266 sia
281 2232 380 2268 erat
403 2232 447 2267 et
478 2223 564 2286 ipsi
592 2223 737 2267 nostri
761 2223 985 2284 germani,
1009 2223 1090 2285 qui
1117 2222 1179 2268 ob
1203 2238 1413 2268 amorem
1446 2223 1592 2268 nostri

193 2296 333 2359 longa
354 2299 512 2345 exsilia
546 2300 805 2362 multasque
835 2299 1112 2345 afflictiones
1137 2299 1450 2362 pertulerant,
1494 2299 1590 2345 alii-

195 2389 285 2434 que
323 2377 417 2422 cari
439 2387 485 2422 et
509 2377 645 2423 amici
671 2377 841 2434 nostri3
869 2392 1034 2421 eorum
1061 2375 1308 2437 gemitibus
1336 2386 1475 2439 atque
1498 2377 1592 2422 sin-

197 2451 398 2511 gultibus
437 2455 667 2516 permoti,
710 2463 756 2499 et
787 2455 987 2499 maxime
1023 2453 1153 2516 quod
1182 2470 1268 2498 nec
1311 2454 1359 2498 in
1400 2453 1594 2498 ecclesia

197 2544 278 2573 seu
297 2528 483 2576 dioecesi
520 2541 679 2577 nostra
710 2531 782 2576 vel
820 2531 865 2575 in
909 2531 1153 2594 provincia
1188 2531 1485 2576 Normanniae
1525 2547 1596 2575 us-

197 2607 324 2668 piam
355 2617 472 2654 stare
501 2625 583 2654 seu
614 2608 814 2653 residere
841 2609 1045 2671 permitti
1076 2625 1162 2653 nec
1196 2607 1292 2652 ullo
1316 2617 1454 2670 pacto
1477 2623 1594 2668 quo-

199 2700 399 2745 cumque
426 2685 531 2730 loco
562 2682 649 2731 sul)
687 2685 779 2730 lioc
811 2701 917 2746 rege
950 2684 1117 2745 degere
1143 2683 1467 2746 sperabamus,
1509 2699 1595 2729 nee
