1875 2956
704 191 1003 227 PROOEMIUM.
1481 192 1547 226 241

168 277 314 333 fuero,
337 276 429 322 hoc
455 278 606 340 ipsum
633 278 903 341 ignora[bi]t
927 279 1082 324 anima
1105 292 1223 321 mea.
1249 275 1341 330 Qui
1361 275 1499 319 etiam
1521 277 1557 320 si

166 351 375 397 habuero
413 373 434 394 ³>
462 354 523 398 ait
558 375 578 394 «
606 354 846 417 quidpiam
874 355 1074 415 justum,
1102 367 1198 397 non
1231 349 1555 413 respondebo,

167 428 247 474 sed
267 429 475 490 judicem
501 447 658 476 meum
683 430 990 493 deprecabor.
1022 450 1042 470 ³>

229 509 325 552 Hac
346 506 481 566 igitur
503 507 774 552 humilitatis
799 507 992 551 instituti
1017 504 1229 550 doctrina
1246 513 1384 565 atque
1407 520 1560 548 exem-

167 582 267 643 plo,
295 583 420 645 apud
448 583 727 640 Dominum,
755 582 880 643 apud
910 597 1050 643 quem
1075 579 1390 625 misericordia
1412 589 1457 624 et
1475 595 1562 624 co-

169 659 296 720 piosa
336 659 616 721 redemptio,
664 658 804 704 satius
829 658 967 718 longe
1005 657 1220 702 ducimus
1253 673 1361 701 cum
1397 656 1563 701 humili

169 733 416 794 publicano
457 733 821 779 inisericordiam
860 732 1104 795 imprecari
1148 741 1193 777 et
1229 731 1382 777 dicere
1420 732 1562 777 corde

165 811 346 855 sincero
378 829 386 854 :
420 832 439 852 α
471 814 618 868 Deus,
661 810 888 873 propitius
925 819 1022 854 esto
1059 809 1204 867 mihi,
1246 809 1508 871 peccatori,
1538 827 1560 851 >1

165 904 307 948 quam
345 897 709 951 przesumptuose
735 904 788 932 ac
823 898 994 932 temere
1033 886 1158 949 apud
1196 902 1303 930 eum
1340 887 1566 931 innocen-

165 963 274 1008 tiam
312 981 510 1010 asserere
542 965 612 1010 vel
648 963 897 1010 defendere
929 963 1061 1008 velle.
1100 963 1241 1019 Quod
1266 972 1364 1007 esto
1394 963 1457 1008 ita
1479 963 1560 1021 sit,

165 1050 318 1085 tamen
343 1042 500 1103 quoad
532 1042 800 1087 mortalium
833 1041 1082 1086 hominum
1113 1040 1343 1101 judicium
1376 1040 1561 1098 attinet,

165 1117 244 1176 qui
279 1134 437 1179 arquos
458 1128 501 1163 et
528 1118 677 1179 justos
698 1135 745 1163 se
770 1134 922 1162 rerum
948 1117 1248 1162 aestimatores
1271 1126 1411 1178 atque
1435 1115 1567 1160 arbi-

167 1202 259 1237 tros
278 1194 497 1239 exhibere
515 1195 770 1253 voluerint,
794 1195 840 1238 in
862 1203 1068 1238 nostram
1086 1192 1375 1255 apologiam,
1397 1191 1566 1237 eodem

165 1270 376 1331 adjutore
401 1271 458 1315 de
481 1272 611 1332 cujus
633 1280 677 1316 et
701 1271 746 1315 in
771 1271 901 1331 cujus
933 1270 1031 1315 sola
1054 1270 1199 1330 gratia
1221 1278 1359 1330 atque
1388 1268 1566 1312 miseri-

164 1347 324 1392 cordia
366 1363 604 1409 speramus
650 1356 693 1392 et
738 1346 1041 1403 confidimus,
1080 1346 1189 1390 talia
1236 1343 1566 1389 subnectemus

165 1437 266 1481 quae
302 1438 387 1466 nos
422 1432 584 1467 contra
624 1422 937 1482 malignorum
972 1437 1053 1465 seu
1088 1420 1459 1465 obtrectatorum
1496 1434 1568 1463 ca-

163 1496 364 1542 lumnias
388 1498 509 1559 juste
532 1514 586 1543 ac
610 1497 945 1542 rationabiliter
971 1507 1187 1542 tueantur
1210 1505 1256 1541 et
1279 1494 1560 1551 defendant;

164 1583 213 1618 ut
230 1574 408 1618 cunctis
431 1574 511 1635 qui
532 1574 631 1619 haec
649 1574 799 1635 legere
824 1584 870 1619 et
887 1573 1257 1620 animadvertere
1281 1572 1562 1627 curaverint,

163 1650 392 1711 liquidum
424 1649 503 1696 fiat
537 1667 624 1696 nos
658 1650 984 1714 improborum
1018 1651 1412 1696 calumniatorum
1446 1649 1566 1694 dolis

163 1727 529 1787 circunn-entos,
557 1737 602 1773 et
629 1728 883 1791 impiorum
917 1728 1148 1772 violentiis
1177 1737 1223 1772 et
1256 1725 1565 1787 injustissimis

165 1803 282 1848 odiis
305 1813 571 1866 persecutos
589 1804 723 1849 fuisse
747 1814 793 1849 et
814 1820 1075 1867 oppressos.

296 2725 343 2748 111
1298 2711 1346 2746 16
