1875 2956
706 219 849 255 LIBER
877 219 1074 254 PRIMUS.
1522 219 1596 255 265

199 304 290 348 fide
336 303 408 365 agi
448 315 493 349 et
540 322 636 350 non
684 305 901 350 insidiose
954 304 1025 350 vel
1078 303 1240 348 dolose
1286 303 1598 351 existimantes

201 382 620 443 (quemadmodum
657 391 703 428 et
745 381 1042 440 autumabat,
1084 389 1130 425 et
1162 379 1432 424 confidebat
1474 380 1596 426 idem

197 458 527 504 illustrissimus
565 459 657 505 dux
709 458 1008 520 Normafflae),
1056 473 1163 502 cum
1208 472 1265 501 eo
1301 457 1594 502 accessimus.

199 534 313 594 Ubi,
351 552 459 581 curn
495 545 666 581 statuto
702 534 777 580 die
801 534 893 579 illic
913 551 1000 579 nec
1035 533 1128 579 dux
1154 532 1403 591 Borbonii,
1437 550 1524 578 nec
1544 550 1599 579 ex

198 612 290 655 suis
325 611 510 673 collegis
544 611 709 673 aliquis
746 619 1098 673 comparerent,
1143 624 1230 653 nec
1279 609 1419 654 etiam
1458 609 1600 655 altera

198 687 290 744 die,
308 704 427 749 quos
447 698 602 734 tamen
623 688 720 749 jam
745 702 829 750 per
850 686 1008 749 plures
1024 685 1125 731 dies
1146 695 1254 731 ante
1275 685 1411 732 fuisse
1436 687 1600 731 Drocis

197 764 456 810 sciebamus
481 763 629 826 [quod
651 772 720 809 est
745 762 974 826 oppidum
1007 777 1035 808 a
1065 762 1341 807 Loco-Veris
1372 762 1492 808 ultra
1516 763 1600 807 iter

197 840 288 885 diei
318 842 455 886 unius
488 857 584 886 non
627 839 897 901 remotum),
936 840 1163 902 coepimus
1202 838 1504 885 vehementer
1541 839 1600 884 de

197 918 375 962 insidiis
396 927 440 962 et
462 917 636 963 dolosis
647 917 926 962 commentis
942 917 1165 980 suspicari
1183 925 1229 962 et
1244 918 1469 980 ancipites
1482 933 1594 963 esse.

263 995 355 1039 Rex
397 1004 497 1039 tum
533 994 724 1040 Carnoti
756 1004 856 1039 erat
891 1010 1000 1039 cum
1042 994 1224 1056 magnis
1264 995 1441 1056 copiis,
1486 1010 1600 1055 quas

197 1072 336 1117 etiarn
377 1088 432 1116 ex
475 1072 613 1117 variis
651 1070 768 1117 locis
804 1070 1137 1132 undecumque
1163 1080 1371 1134 poterat,
1412 1072 1459 1115 in
1502 1070 1601 1116 dies

197 1146 504 1192 contrahebat
538 1156 583 1192 et
615 1146 831 1210 augebat.
858 1149 977 1193 Cum
1008 1148 1189 1210 itaque,
1229 1146 1520 1210 opperiendo
1557 1156 1600 1191 et

196 1223 507 1284 praestolando
545 1223 678 1269 dictae
707 1224 951 1285 legationis
973 1225 1109 1285 regiae
1136 1223 1420 1283 adventum,
1447 1225 1494 1269 in
1526 1241 1601 1269 eoa

195 1300 303 1346 dem
326 1302 433 1347 loco
458 1311 549 1347 tres
571 1301 669 1347 dies
692 1301 1056 1360 detrivissemus,
1089 1302 1317 1364 coepimus
1339 1300 1398 1346 de
1423 1317 1476 1346 ea
1508 1317 1600 1362 qua

196 1375 371 1423 detenti
388 1379 621 1423 fueramus
653 1379 918 1441 suspicione
941 1387 1080 1440 atque
1106 1377 1346 1440 ancipitio‚
1371 1377 1600 1440 patefacta

195 1463 240 1497 et
263 1455 311 1499 in
334 1453 489 1498 lucem
513 1453 702 1516 prodita
736 1455 928 1500 veritate
943 1489 955 1512 ‚
981 1453 1201 1498 certiores
1222 1451 1373 1498 reddi.
1403 1455 1518 1498 Nam
1540 1454 1597 1500 ad

195 1545 282 1574 nos
316 1530 394 1574 illo
435 1546 491 1575 ex
525 1529 738 1576 Ebroicis
773 1530 987 1590 civitate,
1025 1529 1234 1592 quinque
1265 1545 1362 1574 non
1401 1531 1600 1593 amplius

193 1605 336 1652 leucis
364 1615 546 1652 remota
587 1615 726 1669 atque
763 1605 988 1666 distante,
1023 1606 1339 1652 adventarunt
1369 1607 1481 1651 certi
1516 1623 1600 1652 no-

193 1680 310 1727 biles
327 1692 494 1728 nostrae
507 1682 736 1742 dioecesis,
759 1682 898 1729 nobis
922 1682 1168 1730 familiares
1190 1692 1329 1744 atque
1349 1682 1596 1741 notissimi,

197 1759 276 1820 qui
329 1758 467 1804 nobis
519 1759 779 1805 retulerunt
825 1760 1022 1822 qualiter
1068 1759 1286 1805 hesterna
1338 1757 1412 1803 die
1430 1795 1441 1817 ‚
1491 1775 1599 1804 cum

197 1834 256 1880 ad
300 1851 403 1881 eam
444 1837 677 1882 civitatem
715 1838 979 1884 accessisset
1026 1835 1120 1881 dux
1160 1834 1410 1893 Borbonii,
1467 1837 1599 1897 quasi

197 1913 442 1958 transitum
468 1929 551 1975 per
575 1929 679 1959 eam
702 1914 822 1975 (erat
845 1914 971 1959 enim
997 1914 1083 1959 iter
1108 1923 1288 1958 rectum
1313 1911 1373 1957 ad
1400 1915 1596 1957 Locum-

200 1988 362 2049 Veris‘),
389 1989 455 2033 uti
481 1988 755 2035 condictum
776 1988 949 2049 fuerat,
977 1989 1181 2035 facturus
1197 2023 1209 2044 ‚
1234 1997 1302 2047 et,
1331 2004 1386 2033 ex
1412 1987 1599 2050 speciali

197 2064 419 2110 mandato
453 2066 573 2111 facto
604 2067 849 2130 capitaneo
885 2067 1106 2112 civitatis¹
1129 2075 1176 2111 et
1195 2066 1289 2112 loci
1314 2064 1494 2110 civibus
1517 2082 1600 2127 per

197 2142 365 2187 ducem
392 2144 688 2190 Normanniae
706 2180 717 2202 ,
756 2153 879 2190 totus
912 2144 1062 2189 clerus
1098 2153 1144 2189 et
1171 2142 1375 2206 populus
1405 2143 1600 2188 civitatis

196 2220 600 2280 processionaliter
623 2237 731 2266 cum
768 2220 1009 2276 crucibus,
1044 2221 1184 2266 sacris
1210 2220 1416 2281 reliquiis
1449 2230 1493 2265 et
1521 2236 1597 2264 ve—

198 2295 314 2341 xillis
345 2297 392 2341 in
416 2296 606 2343 obviam
630 2297 784 2342 eidem
813 2297 922 2342 duci
948 2297 1172 2345 Borbonii
1193 2297 1437 2343 exivissem
1458 2331 1469 2351 ,
1502 2312 1596 2340 non

198 2372 352 2417 minus
386 2373 539 2419 eidem
580 2375 822 2435 gestientes
864 2375 1174 2421 reverentiam
1217 2383 1356 2436 atque
1392 2372 1599 2418 honores

199 2447 416 2494 exhibere
449 2466 591 2511 quam
620 2467 706 2496 suo
736 2451 844 2496 duci
871 2450 1050 2497 deferre
1076 2451 1339 2513 potuissent
1363 2449 1451 2509 (ita
1474 2447 1597 2506 enim

202 2531 250 2565 ut
284 2522 381 2568 haec
426 2525 655 2585 facerent,
706 2537 756 2573 ut
796 2528 1020 2583 diximus,
1066 2535 1344 2590 acceperant
1379 2525 1425 2568 in
1465 2539 1596 2568 man-

253 2628 290 2662 1.
322 2626 451 2663 C'etait
469 2629 562 2663 Jean
583 2626 630 2663 de
651 2627 853 2669 Lori-aine,
875 2636 997 2664 comte
1023 2627 1070 2662 de
1095 2629 1298 2668 Harcourt,
1316 2622 1380 2672 qui
1401 2634 1598 2659 comman-

200 2688 275 2724 dait
295 2688 392 2724 alors
414 2690 432 2723 a
454 2683 619 2724 Evreux.
