1875 2956
596 461 1110 528 APOLOGIA.

171 661 308 683 INCIPIT
329 662 537 683 PROOEMIUM
558 662 595 683 IN
619 660 827 683 APOLOGIAM
851 660 996 691 THOMAE,
1018 657 1288 681 ARCHOEPISCOPI
1311 656 1559 687 CAESARIENSIS,

248 743 407 765 PERANTE
432 742 590 764 EPISCOI‘I
622 740 884 771 LEXOVOENSIS,
918 740 964 761 AD
983 738 1165 768 QUEMDAM
1191 738 1335 761 AMICUM
1362 738 1473 762 SUUM.

238 934 425 995 Rogavit
447 949 532 978 nos
554 933 718 978 caritas
737 941 832 989 tua,
854 928 1116 976 dulcissime
1133 927 1181 972 in
1203 926 1384 972 Christo
1406 926 1559 985 frater,

172 1016 243 1063 ut,
279 1007 486 1052 fraterna*
510 1006 842 1051 consolationis
868 1003 1012 1065 gratia
1034 1011 1171 1063 atque
1198 1001 1560 1058 exercitationis,

171 1083 330 1127 litteris
371 1083 576 1142 digerere
609 1082 830 1126 vellemus
865 1090 1031 1125 nostrae
1062 1093 1223 1123 causas
1250 1088 1388 1139 atque
1418 1093 1565 1122 excu-

171 1161 371 1205 sationes
399 1170 493 1204 tam
522 1160 788 1220 longinquae
817 1157 1201 1221 peregrinationis
1230 1165 1297 1214 et,
1326 1165 1374 1200 nt
1402 1156 1566 1216 vulgus

171 1237 392 1281 aestimare
427 1236 565 1292 solet,
598 1235 771 1293 exsilii3
809 1234 1077 1280 occasiones
1106 1247 1294 1294 quoque
1324 1241 1369 1276 et
1403 1231 1566 1276 condi-

172 1308 321 1353 tiones
341 1308 636 1364 earumdem,
661 1307 797 1352 simul
821 1307 958 1351 etiam
985 1304 1156 1367 quibus
1179 1303 1419 1364 adjutoriis
1443 1302 1562 1360 freti,

171 1381 341 1443 quihus
361 1382 507 1425 innixi
531 1380 724 1436 auxiliis,
746 1380 860 1437 haec,
888 1395 990 1440 quae
1011 1376 1275 1422 communis
1299 1375 1566 1419 mortalium

171 1458 418 1502 hominum
439 1457 599 1519 opinio
619 1456 904 1512 calamitosa,
930 1453 1047 1498 dura
1069 1462 1114 1497 et
1131 1467 1294 1514 aspera
1308 1451 1453 1506 ducit,
1472 1460 1567 1495 tam

170 1534 268 1578 laete
283 1543 326 1578 et
341 1532 547 1594 jucunde
563 1531 664 1592 (uti,
681 1531 765 1575 Dei
779 1531 985 1575 donante
1000 1527 1336 1584 misericordia,
1358 1527 1568 1588 facimus)

170 1608 370 1671 perferre
381 1608 669 1670 potuerimus
682 1615 725 1650 et
735 1606 980 1668 possimus.
997 1607 1115 1649 Cum
1127 1605 1253 1649 enim
1266 1603 1568 1648 deterrimum

171 1686 410 1730 infortunii
448 1701 590 1745 genus
624 1684 680 1728 sit
717 1683 851 1727 fuisse
888 1681 1091 1739 felicem,
1129 1690 1173 1725 et
1206 1679 1483 1742 aliquando,
1520 1696 1568 1724 re

174 1771 330 1806 nostra
348 1760 570 1805 incolumi
592 1769 633 1804 et
657 1760 835 1819 integra
855 1756 1161 1819 amplitudine
1179 1766 1316 1817 atque
1332 1755 1569 1800 affluentia

173 1838 499 1900 temporalium
525 1852 680 1880 reruni
709 1852 801 1897 prae
829 1834 983 1878 multis
1009 1833 1192 1890 similis,
1216 1842 1265 1876 ut
1298 1841 1456 1877 nostra
1482 1841 1565 1888 est,

173 1913 495 1977 prolessionis‚
526 1929 552 1957 a
579 1912 790 1974 plurimis
815 1911 965 1954 telices
994 1910 1090 1966 sore
1108 1918 1402 1971 putaremur,
1431 1923 1457 1952 a
1476 1923 1569 1969 qua

171 1991 336 2053 dilapsi
359 2000 401 2034 et
423 1990 560 2034 alieni
582 1988 686 2033 sacti
705 2004 801 2032 esse
823 2004 838 2031 x
852 1987 1101 2042 idereniur,
1124 2001 1265 2047 quam
1288 1985 1443 2047 plures
1460 1984 1568 2029 inde

172 2078 410 2130 permotos
424 2076 467 2111 et
485 2065 688 2128 quadam
711 2064 848 2108 veluti
873 2063 1182 2108 admiratione
1206 2077 1453 2124 suspensos
1473 2076 1569 2105 esse

173 2145 279 2189 satis
298 2143 547 2199 credimus,
565 2157 657 2203 qua
675 2141 742 2185 w}
763 2141 1008 2185 occasione
1029 2156 1109 2184 seu
1129 2154 1284 2195 causa,
1309 2138 1463 2200 priore
1486 2153 1570 2181 nos

173 2221 410 2265 deserente
447 2220 657 2276 fortuna,
700 2218 746 2261 in
778 2217 900 2262 hanc
934 2216 1121 2261 dimersi
1159 2232 1345 2273 sumus,
1380 2230 1569 2276 quoque

175 2297 243 2341 vel
269 2297 490 2353 consilio,
520 2305 655 2358 pacto
679 2311 759 2338 seu
792 2293 1025 2354 adjutorio
1056 2292 1178 2337 hanc
1208 2292 1312 2336 vitae
1335 2307 1494 2335 cursus
1527 2299 1571 2334 et

178 2373 368 2417 fortunae
408 2373 713 2417 mutationem
750 2371 976 2433 patienter
1010 2379 1051 2415 et
1084 2385 1217 2431 aequo
1260 2368 1418 2413 animo
1455 2367 1570 2411 serre

178 2449 238 2493 ita
264 2451 506 2511 possimus.
546 2453 715 2493 Yeru'zn
745 2457 895 2492 tuaene
921 2446 1120 2491 caritatis
1153 2445 1382 2489 desiderio
1408 2444 1453 2488 in
1480 2443 1570 2487 hoc

178 2523 457 2581 satisfacere,
494 2523 589 2579 vel,
617 2522 783 2566 humili
807 2520 960 2583 potius
987 2519 1284 2564 excusatione
1312 2526 1535 2579 praetensa
1555 2551 1566 2573 ,

179 2598 242 2653 ab,
268 2598 534 2660 hujusmodi
567 2597 797 2643 scribendi
840 2597 996 2642 officio
1042 2596 1274 2641 conticere
1315 2603 1358 2637 et
1411 2608 1570 2637 vacare
