1875 2956
247 226 319 259 400*
611 223 943 257 HISTORIARUM
972 223 1203 259 LUDOVICI
1231 225 1283 258 xl

312 311 514 354 Fuerunt
533 309 708 354 interea
728 306 940 370 pluribus
963 317 1010 353 et
1026 308 1165 353 variis
1184 308 1232 353 in
1254 309 1367 355 locis
1387 322 1646 357 conventus

246 386 469 448 partium,
514 401 600 449 pro
638 401 754 448 pace
793 384 865 430 vel
910 394 1070 445 treuga
1113 384 1320 431 ineunda
1357 397 1402 431 et
1438 389 1647 434 reconci-

244 463 428 522 lianda,
472 479 597 508 nunc
634 479 743 508 cum
776 462 936 524 legatis
973 478 1055 508 seu
1092 462 1351 507 commissis
1382 464 1642 526 pontificis,

247 555 372 585 nunc
392 557 499 585 cum
518 540 677 600 legatis
697 539 829 584 ducis
850 538 1062 598 Austriae,
1084 554 1204 601 saepe
1224 538 1363 584 etiam
1381 555 1489 585 cum
1513 542 1647 587 utris-

245 633 362 677 que,
390 616 629 662 celebrati.
661 616 751 661 Sed
775 617 823 661 in
849 615 1070 661 omnibus
1088 652 1099 674 ,
1125 632 1235 661 cum
1258 632 1441 678 semper
1466 622 1649 664 Amers-

247 693 499 738 fordienses
521 703 567 738 et
585 696 619 738 T
623 694 899 756 rajectenses
932 709 1068 739 suum
1095 691 1369 756 pontificem
1395 709 1449 738 ac
1482 695 1650 757 princi-

245 786 353 832 pem
400 786 737 832 recognoscere
785 770 1152 834 pertinacissime
1196 787 1250 816 ac
1293 769 1650 817 obstinatissime

244 857 537 907 recusarent,
564 864 811 910 nunquam
842 863 897 892 ex
920 847 1191 908 hujusmodi
1227 845 1540 892 conventibus
1569 847 1650 893 ali-

244 923 347 985 quis
390 922 547 970 bonus
590 924 766 970 fructus
804 933 973 987 optatae
1012 924 1141 986 pacis
1178 924 1250 970 vel
1291 933 1461 985 treugae
1499 924 1653 987 potuit

243 1001 446 1046 evenire.
497 1003 622 1058 Quin
658 1002 815 1065 potius
856 1000 1043 1064 publice
1077 1001 1342 1063 jactabatur
1382 1000 1511 1063 quod
1553 1017 1650 1047 non

246 1078 331 1123 nisi
376 1078 435 1124 ad
486 1078 953 1124 circumveniendum
992 1094 1101 1124 suos
1135 1078 1452 1138 adversarios,
1485 1079 1520 1124 si
1556 1095 1650 1141 quo

244 1157 433 1217 ingenio
465 1158 722 1220 potuissent
740 1193 751 1214 ‚
777 1166 823 1201 et
844 1155 1132 1219 placandum
1164 1166 1419 1219 utcumque
1443 1172 1652 1202 rumores

246 1250 506 1296 pauperum
526 1234 700 1279 civium
716 1271 727 1293 ‚
754 1250 959 1295 quorum
983 1233 1122 1294 longe
1143 1234 1294 1296 major
1314 1251 1422 1298 pars
1448 1250 1543 1279 11011
1566 1234 1651 1279 nisi

247 1328 409 1374 pacem
445 1311 697 1375 exoptabat
727 1322 772 1357 et
809 1328 894 1357 suo
933 1310 1146 1375 pontiflci
1184 1311 1506 1368 reconciliari,
1542 1311 1654 1356 tales

246 1400 505 1435 conventus
537 1407 646 1435 cum
672 1390 946 1436 adversariis
972 1390 1070 1435 fieri
1093 1400 1140 1436 et
1165 1389 1331 1436 haberi
1353 1388 1649 1452 expetebant.

249 1469 340 1512 Nec
376 1466 465 1511 levi
500 1482 610 1511 sane
638 1476 684 1510 et
715 1481 836 1510 rana
861 1466 1131 1527 conjectura
1166 1483 1221 1512 ea
1258 1465 1524 1511 communis
1553 1481 1654 1509 om-

248 1544 378 1588 nium
403 1544 545 1588 ferme
570 1543 811 1588 aestimatio
838 1543 1114 1589 invaluerat.
1139 1546 1254 1588 Nam
1278 1543 1461 1605 quoties
1483 1542 1544 1588 ad
1570 1542 1655 1587 hu—

241 1619 370 1679 jusce
404 1629 664 1664 conventus
688 1635 797 1664 suos
833 1620 1008 1680 legatos
1042 1619 1355 1680 'l'rajectenses
1388 1620 1650 1676 mitterent,

246 1711 429 1758 semper
453 1712 478 1740 e
503 1696 720 1756 vestigio,
753 1696 825 1740 vel
861 1696 921 1741 ad
948 1696 1134 1759 rapinas
1172 1695 1407 1740 faciendas
1442 1704 1487 1739 et
1510 1693 1656 1740 abdu-

252 1771 424 1818 cendas
458 1771 639 1834 praedas
667 1782 746 1817 aut
773 1773 1007 1835 captivos,
1038 1773 1110 1817 vel
1138 1772 1198 1817 ad
1222 1771 1461 1830 miscenda
1496 1771 1656 1815 incen-

248 1851 324 1896 dia
353 1851 401 1896 in
425 1850 558 1895 terris
580 1859 625 1894 et
656 1850 776 1910 agris
800 1850 1200 1909 adversariorum,
1227 1865 1336 1894 suos
1359 1847 1651 1895 emittebant.

249 1928 341 1983 Qui
372 1928 638 1990 frequenter
665 1926 839 1974 damna
874 1944 971 1973 non
1003 1927 1192 1972 modica
1226 1925 1501 1989 improvidis
1528 1936 1573 1971 et
1609 1942 1657 1971 se

252 2005 558 2067 negligentius
587 2005 861 2050 curantibus
883 2003 1174 2067 ingerebant.
1202 2003 1337 2048 Unde
1362 2019 1459 2048 non
1484 2012 1657 2048 temere

248 2098 328 2127 605
351 2083 416 2126 uti
437 2081 591 2127 verbis
615 2073 822 2145 pacificis
842 2082 889 2127 in
915 2081 1028 2127 dolo
1048 2117 1059 2139 ‚
1085 2081 1267 2126 nullum
1289 2089 1445 2126 autem
1467 2095 1657 2142 prorsus

249 2159 584 2220 reintegraudae
612 2160 738 2222 pacis
768 2169 907 2220 atque
939 2158 1152 2204 amicitiae
1184 2167 1345 2202 votum
1377 2172 1457 2202 seu
1483 2172 1658 2220 propo-

251 2237 391 2282 situm
410 2272 420 2292 ‚
467 2236 548 2281 sed
599 2237 741 2299 ipsius
790 2237 945 2298 potius
983 2234 1296 2280 distrahenda:
1342 2243 1481 2296 atque
1526 2233 1657 2278 elon-

252 2313 437 2377 ganda‘‚
466 2329 622 2374 gerere
648 2312 949 2376 putabantur.

316 2391 455 2436 Initio
489 2407 585 2452 quo
626 2391 886 2451 Trajectum
932 2388 1270 2451 Enghelbertus
1305 2387 1363 2433 de
1395 2388 1558 2440 clivis,
1598 2387 1658 2433 de

254 2484 349 2530 quo
376 2483 515 2530 supra
542 2467 879 2523 meminimus',
902 2466 1123 2511 atlx‘ectus
1142 2476 1226 2524 est,
1254 2482 1362 2510 cuni
1386 2465 1539 2510 omnis
1561 2480 1656 2510 rna-

252 2546 464 2606 gistratus
494 2544 754 2605 regentium
783 2543 1014 2589 civitatem
1054 2560 1161 2588 cum
1191 2543 1283 2588 suis
1311 2541 1569 2588 fautoribus
1603 2542 1648 2586 in

306 2707 339 2741 1.
372 2704 587 2751 (Εἰ-(1655115,
614 2718 650 2753 p.
675 2706 737 2741 97.
