1875 2956
704 190 844 224 LIBER
881 188 1074 224 SEXTUS.
1535 190 1582 223 95,

195 273 552 336 redintegranda
601 276 728 321 nullo
773 284 909 338 pacto
956 272 1249 337 patiebantur
1286 272 1476 330 audire,
1504 276 1581 336 qui

195 351 512 411 magistratum
555 362 665 398 tunc
711 354 758 398 in
798 352 980 397 civitate
1017 348 1252 411 gerebant.
1296 351 1350 393 Et
1394 350 1582 410 quidem

192 425 343 472 bonas
366 437 411 472 et
432 444 584 490 aequas
627 429 751 491 pacis
787 426 1097 483 conditioneS,
1133 424 1474 487 comprehenso
1500 442 1584 472 suo

194 504 441 567 pontifice,
465 515 773 567 manenteque
791 541 802 563 ,
843 504 909 548 uti
927 503 1044 564 juris
1065 511 1185 560 erat,
1216 502 1410 564 praesule
1432 512 1476 547 et
1501 502 1585 548 do-

194 581 324 626 mino
349 582 562 639 civitatis,
589 583 622 627 si
652 597 755 626 eam
779 579 994 643 amplecti
1026 588 1286 635 curassent,
1310 578 1441 624 facile
1462 580 1585 626 inve—

193 656 409 716 niebant,
436 659 544 703 etin
563 674 644 703 sua
663 665 877 719 poterant
901 655 1122 701 mansisse
1144 653 1355 701 libertate
1384 664 1429 700 et
1450 672 1579 718 pace.

192 734 282 779 Sed
316 744 412 780 tam
446 735 535 780 alte
578 734 792 794 iniquum
826 733 871 777 in
910 748 1046 778 suum
1086 741 1321 794 pastorem
1354 732 1583 795 optimum

192 812 353 858 odium
376 814 423 857 in
448 810 680 857 mentibus
698 820 943 857 auctorum
958 809 1224 855 rebellionis
1247 809 1425 855 radices
1447 811 1584 857 mise-

191 898 276 947 rat,
324 889 476 951 deque
516 904 564 934 se
595 904 779 951 semper
819 903 934 933 saeva
977 902 1261 950 praesumens
1300 888 1584 934 conscientia

189 964 293 1010 laesa
333 966 379 1010 in
419 975 546 1012 tanta
587 964 846 1010 diffidentia
880 973 925 1008 et
967 962 1290 1026 desperatione
1330 964 1500 1023 veniae,
1539 973 1585 1010 et

190 1039 417 1088 firmitatis
453 1043 865 1105 qualiumcumque
902 1041 966 1086 eis
1002 1039 1261 1085 fiendarum
1287 1040 1584 1103 pollicitatio-

191 1132 331 1172 num,
369 1118 551 1163 animos
588 1134 752 1163 eorum
788 1116 1116 1172 constituerat,
1144 1125 1195 1161 ut
1229 1132 1421 1162 omnem
1457 1117 1583 1179 pacis

190 1191 396 1240 oblatam
420 1211 501 1240 seu
542 1193 831 1241 offerendam
860 1192 1197 1251 conditionem,
1224 1209 1308 1255 per
1327 1209 1469 1254 quam
1494 1193 1582 1239 sub

190 1283 383 1314 manum
415 1286 469 1316 ac
503 1280 778 1334 potestatem
802 1269 982 1315 domini
1017 1279 1061 1314 et
1100 1270 1295 1332 pastoris
1319 1270 1389 1314 sui
1411 1270 1585 1315 recide-

189 1355 319 1402 rent,
348 1347 659 1409 respuendam
681 1346 1043 1410 pertinacissime
1067 1344 1388 1390 observassent
1404 1349 1430 1390 ¹.
1455 1349 1584 1392 Fere-

187 1420 324 1466 batur
348 1422 590 1484 praefatum
609 1422 857 1468 dominum
879 1421 938 1467 de
968 1421 1233 1466 Monteforti
1257 1421 1583 1483 hujuscemodi

186 1497 447 1543 evomuisse
473 1514 762 1553 sermonem,
789 1497 919 1560 quod
948 1497 1105 1543 mallet
1124 1498 1280 1560 potius
1302 1498 1458 1544 videre
1479 1502 1583 1545 Tra-

179 1577 357 1636 Jectum
377 1573 631 1620 deductum
651 1575 711 1621 ad
731 1584 937 1621 aratrum
957 1584 1202 1637 totumque
1225 1576 1417 1638 rapinis'2
1438 1577 1584 1622 viren-

184 1647 307 1694 tibus
329 1650 482 1696 solum
507 1651 649 1714 ipsius
691 1652 902 1708 civitatis,
957 1651 994 1696 si
1031 1651 1117 1696 sub
1158 1651 1474 1698 obedientiam
1512 1654 1581 1699 sui

185 1726 417 1788 pontificis
456 1729 616 1774 referri
638 1728 854 1787 deberet3
881 1727 1105 1790 quodque
1132 1729 1286 1791 potius
1312 1731 1469 1776 omnia
1509 1747 1584 1776 ex-

185 1811 330 1849 trema
358 1804 505 1864 samis,
528 1807 683 1868 pestis,
711 1816 1075 1868 caeterartiiiiqtle
1104 1805 1308 1851 cladium
1331 1816 1375 1852 et
1396 1807 1582 1853 calami-

185 1888 331 1925 tatum
358 1881 454 1943 ipse
473 1883 637 1944 suique
661 1883 809 1944 iniqui
832 1882 1049 1940 fautores,
1091 1883 1230 1928 etiam
1270 1883 1329 1929 ad
1367 1885 1580 1930 omnium

188 1972 333 2018 usque
378 1958 966 2017 civiuminternecionem,
1009 1958 1228 2004 libentius
1264 1971 1580 2023 exspectarent

185 2047 237 2076 ac
256 2032 489 2093 viderent,
536 2051 677 2096 quam
712 2035 841 2097 quod
859 2034 1143 2080 incolumem
1161 2035 1393 2082 civitatem
1416 2037 1475 2083 ad
1500 2054 1580 2101 pa-

183 2109 381 2155 rendum
415 2111 541 2156 dicto
578 2129 662 2157 suo
697 2111 906 2175 pontifici
945 2121 989 2156 et
1013 2111 1227 2171 domino,
1271 2130 1324 2159 ac
1347 2114 1579 2177 pacificari

183 2196 514 2233 consentirent.

246 2261 319 2307 Sic
342 2273 438 2309 erat
462 2265 628 2310 misera
652 2265 811 2310 civitas
852 2263 937 2309 sub
974 2265 1330 2312 saevissimorum
1354 2277 1577 2329 tyranno-

186 2353 286 2382 rum
321 2350 595 2401 potestatem
630 2341 838 2399 redacta,
879 2357 963 2386 nec
1001 2342 1047 2385 in
1090 2344 1377 2389 contrarium
1416 2345 1578 2407 (quan-

236 2475 270 2509 1.
303 2475 433 2513 Matth.
458 2475 704 2514 Observarint.

238 2536 273 2572 2.
307 2539 456 2586 Campis
475 2539 567 2575 dans
586 2539 794 2587 Matthaeus,
809 2539 872 2588 qui
892 2552 912 2576 a
933 2548 1013 2575 tout
1032 2538 1253 2576 bouleverstf
1274 2542 1307 2577 la
1326 2541 1461 2590 phrase
1482 2554 1575 2590 pour

189 2595 221 2630 la
243 2597 418 2647 corriger.
442 2601 498 2636 On
528 2614 566 2636 se
594 2600 764 2638 tiendrait
794 2601 875 2649 plus
902 2602 987 2650 pres
1017 2601 1066 2637 du
1088 2610 1186 2638 texte
1209 2616 1253 2638 en
1283 2602 1505 2639 substituant
1538 2608 1574 2638 ιή

181 2666 293 2706 prata
313 2663 464 2696 vire'ntia
483 2675 684 2697 conversum
705 2664 722 2698 a
744 2664 886 2710 rapinis
905 2663 1113 2700 virentibus.
