1875 2956
266 306 338 339 2390
830 301 1099 343 AvoLotuA,

263 389 520 434 anchoram
552 387 597 431 in
626 384 848 431 omnibus
876 385 1015 447 hujus
1038 385 1191 431 saeculi
1223 386 1440 431 fluctibus
1469 403 1523 432 ac
1553 403 1659 449 pro-

259 466 439 512 cellosis
462 462 814 526 tempestatibus
833 463 999 508 retinet
1021 462 1205 507 firmam
1226 472 1366 523 atque
1378 473 1541 523 tutam,
1557 480 1666 509 con-

262 542 458 587 fidenter
483 549 622 600 atquc
653 538 910 598 gaudenter
938 555 1047 583 cum
1079 537 1218 583 beato
1244 539 1467 601 Apostolo
1506 540 1627 586 dicat
1651 558 1660 584 ε

265 639 285 661 α
316 618 478 662 Placeo
501 616 617 661 mihi
638 616 685 660 in
710 614 1073 673 infirmitatibus,
1102 615 1149 659 in
1179 614 1490 673 contumeliis,
1515 616 1562 660 in
1589 633 1666 661 ne-

261 693 566 749 cessitatibus,
607 693 652 737 in
680 692 902 753 angustiis
932 708 1020 754 pro
1058 691 1259 736 Christo.
1289 694 1406 736 Cum
1439 691 1564 736 enim
1596 692 1664 737 in-

262 772 442 828 firmor,
474 778 586 814 tunc
621 779 789 832 potens
824 785 954 826 sum,
995 768 1105 830 quia
1142 769 1287 813 virtus
1316 769 1363 813 in
1399 768 1666 815 infirmitate

262 847 514 910 perficitur.
549 866 569 887 >³
605 847 695 902 Qui
719 856 763 891 et
790 846 957 891 iterum
989 845 1099 891 alibi
1134 862 1231 890 sese
1261 855 1305 890 ct
1339 846 1470 904 alios,
1497 845 1666 907 quibus

260 924 432 970 similes
454 923 736 986 prawidebat
763 939 1002 986 pressuras
1039 939 1093 968 ac
1127 922 1451 968 tribulationes
1481 932 1668 968 eventu-

262 1017 351 1059 ras,
390 1001 562 1063 pariter
598 1000 870 1046 confortans
907 1009 951 1044 et
986 1000 1033 1044 in
1070 1017 1200 1063 spem
1238 999 1414 1046 honam
1447 1000 1663 1063 erigens:

266 1098 285 1119 ι(
324 1080 375 1122 ln
412 1076 634 1122 omnibus
672 1097 692 1118 »
732 1076 884 1138 inquit
924 1096 944 1117 «
975 1075 1326 1121 tribulationem
1358 1078 1590 1140 patimur,
1623 1087 1669 1123 et

264 1170 360 1199 non
387 1154 730 1214 angustiamur3
752 1153 1024 1216 aporiamur
1041 1162 1085 1198 et
1103 1169 1199 1198 non
1221 1152 1540 1211 destituimur-3
1564 1170 1668 1216 per-

262 1231 552 1276 secutionem
583 1230 804 1293 patimur,
839 1230 920 1275 sed
953 1247 1050 1275 non
1084 1229 1478 1292 derelinquimur3
1517 1231 1669 1277 humi-

261 1307 448 1365 liamur,
490 1307 571 1353 sed
610 1323 708 1352 non
743 1306 1108 1363 confundimur,
1148 1306 1411 1369 dejicimur,
1449 1308 1530 1354 sed
1570 1325 1666 1354 non

262 1384 469 1447 perimus
508 1402 517 1428 :
557 1399 741 1447 semper
781 1383 1193 1429 mortificationem
1235 1387 1341 1429 Jesu
1384 1385 1431 1429 in
1469 1402 1667 1449 corpore

265 1471 425 1506 nostro
447 1461 841 1520 circumferentes,
865 1471 916 1506 ut
937 1470 983 1506 et
1002 1461 1096 1506 vita
1114 1464 1217 1506 Jesu
1243 1462 1289 1506 in
1318 1461 1540 1508 cordibus
1564 1480 1668 1508 nos-

265 1538 346 1582 tris
369 1537 624 1599 aliquando
649 1538 982 1584 manifestetur.
1009 1557 1029 1581 »
1053 1539 1137 1583 Cui
1151 1555 1260 1583 cum
1279 1541 1411 1584 Patre
1432 1549 1478 1584 et
1495 1539 1667 1602 Spiritu

265 1614 435 1658 Sancto
468 1623 535 1659 est
568 1614 726 1658 honor
757 1624 803 1658 et
836 1614 999 1675 gloria,
1037 1623 1240 1676 potestas
1262 1624 1306 1659 et
1338 1615 1587 1678 imperium
1618 1616 1664 1661 in

264 1690 428 1736 saecula
452 1689 744 1736 saeculorum.
774 1692 936 1735 Amen.

718 1916 1055 1960 CAPITULUM
1099 1917 1200 1959 XII.

488 2045 528 2076 In
546 2054 617 2088 quo
634 2042 749 2078 brevis
766 2042 924 2088 epilogus
941 2050 973 2075 et
991 2042 1170 2075 conclusio
1188 2041 1292 2075 totius
1309 2041 1436 2087 operis.

326 2157 432 2198 Haec
477 2169 648 2216 pauca,
702 2152 997 2198 dilectissime
1042 2153 1197 2211 frater,
1247 2169 1301 2196 cx
1348 2152 1664 2215 copiosissima

261 2232 595 2295 scripturarum
621 2247 781 2277 mensa
804 2230 863 2276 ad
891 2247 1091 2294 praesens
1113 2229 1391 2292 excerpsisse
1414 2228 1662 2289 suffecerit,

262 2327 321 2355 ne
358 2319 520 2355 nostro
550 2310 705 2355 minus
740 2309 867 2354 culto
903 2319 945 2353 et
988 2307 1202 2370 impolito
1237 2322 1451 2351 sermone
1488 2307 1665 2352 caritati

262 2396 421 2432 vestrae
447 2385 680 2431 fastidium
711 2395 970 2446 generetur.
1002 2385 1091 2440 Qui
1127 2383 1304 2429 etiamsi
1340 2382 1494 2428 forsan
1527 2383 1665 2428 nimis

262 2466 308 2509 in
341 2464 535 2524 longum
570 2463 819 2519 effluxerit,
857 2463 955 2507 dari
982 2462 1166 2507 veniam
1199 2462 1422 2523 petimus,
1451 2462 1530 2522 qui
1566 2478 1663 2506 non

262 2539 461 2585 docendi
492 2556 575 2584 vos
598 2539 770 2597 studio,
804 2548 961 2583 nostra
988 2538 1046 2584 ad
1074 2538 1167 2583 hoc
1190 2554 1279 2600 ope
1314 2538 1507 2583 minime
1537 2537 1665 2582 indi-

261 2628 473 2679 gentem,
509 2617 588 2662 scd
625 2616 843 2679 pravlara
875 2615 1138 2662 eruditione
1180 2625 1331 2661 vestra
1375 2616 1490 2661 alios
1524 2615 1661 2660 etiam

262 2695 433 2740 utiliter
469 2694 638 2739 docere
674 2704 812 2754 atque
847 2694 1070 2739 instruere
1107 2700 1363 2756 potentem,
1399 2691 1665 2754 dispendio-

261 2784 364 2815 smn
398 2771 550 2816 forsan
576 2779 616 2813 et
648 2769 880 2831 prolixum
919 2769 1128 2815 libellum
1159 2768 1535 2830 conscripsimus.
1574 2767 1661 2811 Sed

1754 1304 1762 1322 ὶ
