1875 2956
745 233 887 268 LIBER
918 234 1112 269 PRIMUS.
1552 237 1618 271 5311

654 407 991 451 CAPITULUM
1027 408 1186 450 xvm.

238 541 287 574 De
303 552 403 575 mora
423 542 527 575 trium
550 541 720 574 mensium
738 541 826 574 facta
844 541 1039 583 Gebennis,
1063 550 1096 574 et
1115 541 1288 575 calumnia
1309 551 1491 588 propterea
1509 552 1630 576 contra

427 610 491 631 nos
507 606 650 638 structa3
670 605 702 631 et
718 595 899 642 quomodo
915 595 997 629 inde
1013 597 1234 630 transivimus
1250 598 1430 634 Basileam.

295 719 571 764 Delituimus
603 718 757 779 itaque
794 715 1031 762 Gebennis
1076 733 1258 762 menses
1293 727 1411 773 tres3
1453 717 1533 763 ubi
1569 719 1630 765 ab

233 796 409 857 optima
434 794 614 839 ducissa
630 792 894 839 Sabaudiae¹
919 791 1096 838 ducalis
1114 793 1250 852 aedes,
1273 795 1414 839 totius
1436 795 1632 842 civitatis

232 870 621 932 magnificentior,
640 886 722 916 sua
742 869 880 914 nobis
900 869 959 914 ad
974 868 1336 915 inhabitandum
1359 870 1633 918 liberalitate

230 964 450 994 concessa
473 957 555 993 est.
585 950 697 1003 Quae
720 963 829 992 cum
853 947 1013 992 civitas
1048 957 1238 1009 totaque
1263 947 1497 993 Sabaudia
1521 958 1633 994 tunc

229 1035 273 1070 et
296 1041 479 1088 semper
502 1022 724 1069 omnibus
750 1023 810 1069 ad
832 1024 1137 1069 incolendum
1163 1025 1429 1070 communis
1450 1042 1634 1072 secura·

229 1118 320 1164 que
341 1101 500 1158 fuerit,
531 1110 625 1146 tam
654 1100 841 1145 Francis
870 1116 1013 1162 quam
1038 1101 1453 1162 Burgundionibus
1479 1112 1523 1148 et
1551 1107 1637 1148 An-

230 1179 335 1240 glis,
369 1195 423 1224 ex
449 1195 504 1223 eo
527 1187 684 1223 tamen
710 1177 838 1239 quod
871 1177 962 1223 illic
987 1178 1251 1241 perfugium
1276 1179 1631 1240 inveneramus,

229 1271 448 1317 magnam
471 1254 679 1300 struendi
699 1254 945 1299 adversum
969 1271 1056 1300 nos
1077 1256 1362 1301 calumniam
1382 1258 1527 1302 nostri
1553 1258 1635 1303 im-

228 1330 365 1394 probi
383 1331 741 1376 calumniatores
761 1340 1126 1393 assumpserunt,
1151 1331 1493 1377 Confluxerunt
1507 1333 1633 1378 enim

227 1414 271 1449 et
295 1406 387 1465 regi
415 1413 738 1465 suggesserunt
769 1403 1126 1449 mendacissime
1159 1404 1288 1466 quod
1320 1420 1408 1449 nos
1444 1405 1524 1449 illo
1553 1405 1634 1451 de-

226 1482 564 1526 clinaveramus
601 1490 651 1525 ut
681 1480 841 1525 comiti
876 1480 1080 1536 Brissiae,
1122 1481 1282 1525 comiti
1322 1484 1557 1527 Dormont
1589 1492 1634 1527 et

225 1559 447 1621 episcopo
470 1556 814 1613 Gebe11nensi2‚
848 1555 1066 1601 fratribus
1089 1555 1277 1602 illustris
1305 1557 1436 1602 ducis
1461 1558 1634 1604 Sabau-

225 1634 340 1692 diae,
375 1634 677 1680 suaderemus
708 1633 838 1695 quod
868 1634 915 1678 in
953 1642 1107 1696 partes
1144 1633 1276 1680 ducis
1315 1637 1629 1698 Bungmldiae,

226 1711 446 1757 adversus
461 1725 602 1771 quem
618 1726 699 1756 rex
715 1725 936 1771 magnam
959 1710 1219 1773 adparabat
1242 1711 1628 1773 expeditione1n⁵³‚

226 1787 395 1832 relictis
417 1785 628 1848 partibus
654 1786 794 1846 regis,
823 1786 1089 1831 transirent.
1118 1787 1259 1843 Quod
1292 1804 1399 1833 cum
1425 1789 1633 1852 praedicti

227 1862 422 1908 illustres
441 1863 649 1924 germani
672 1871 785 1907 tunc
808 1861 1038 1919 fecissent,
1066 1862 1433 1927 defecissentque
1456 1882 1483 1911 a
1503 1882 1625 1928 rege,

226 1939 358 1985 facile
380 1938 709 2000 hujuscemodi
735 1938 978 1983 calumnia?
1011 1955 1095 2001 per
1129 1956 1286 2001 regem
1319 1940 1434 1986 fides
1471 1942 1631 1988 habita

225 2023 308 2059 est.
357 2015 489 2061 Unde
525 2015 679 2061 statim
720 2031 747 2060 a
790 2015 960 2060 nostris
998 2015 1170 2078 iniquis
1211 2018 1631 2064 calumniatoribus

225 2087 447 2133 mandata
471 2088 596 2150 regia
620 2087 813 2134 obtenta
837 2098 943 2133 sunt
966 2098 1018 2133 ut
1040 2090 1208 2134 nostris
1223 2127 1234 2148 7
1260 2100 1357 2136 tam
1390 2091 1629 2137 ecclesias-

226 2164 326 2209 ticis
370 2180 512 2225 quam
555 2164 986 2228 patrimonialibus,
1039 2166 1346 2228 proventibus
1398 2167 1629 2230 bonisque

277 2325 314 2362 1.
346 2323 516 2361 Yolande
538 2324 584 2362 de
615 2327 774 2374 France,
801 2339 901 2363 soeur
927 2325 974 2363 de
1000 2327 1114 2364 Louis
1134 2330 1204 2373 XI,
1233 2329 1372 2366 marien
1400 2342 1448 2366 au
1478 2330 1551 2367 ‹luc
1580 2330 1626 2367 de

227 2386 376 2433 Savoie,
399 2386 565 2423 Amedce
581 2389 650 2424 IX.

277 2449 314 2484 ⁶2.
345 2447 517 2499 Philippe
541 2448 588 2485 de
614 2450 769 2496 savoie,
797 2459 919 2488 comte
947 2452 994 2488 de
1027 2454 1179 2500 Bresse,
1210 2456 1372 2504 Jacques
1399 2455 1447 2492 de
1465 2455 1624 2501 savoie,

226 2517 348 2544 comte
369 2509 415 2546 de
434 2513 614 2556 Romont,
643 2520 678 2548 et
703 2515 796 2549 Jean
823 2513 936 2550 Louis
962 2514 1008 2551 (le
1029 2516 1163 2553 Savoie
1178 2545 1187 2562 ‚
1211 2517 1356 2566 exeque
1376 2516 1423 2553 de
1446 2518 1623 2559 Geneve,

225 2568 271 2605 de
294 2570 514 2608 Maurienne
541 2581 579 2609 et
600 2573 646 2609 de
667 2575 902 2621 Tarentaise,
934 2584 1016 2616 tous
1040 2578 1129 2614 trois
1147 2577 1411 2616 beaux-freres
1435 2577 1481 2614 de
1502 2579 1534 2614 la
1556 2579 1621 2614 du-

225 2629 354 2668 chesse
372 2631 556 2670 Yolande.

280 2695 316 2730 3.
349 2695 679 2744 Aotit-septembre
699 2699 814 2734 1468.
