1875 2956
705 250 847 284 LIBER
880 248 1142 285 SECUNDUS.
1555 248 1627 283 :257

718 468 1052 512 CAP1TULUM
1089 469 1143 511 ΙΙ.

230 608 334 652 Quod
349 637 357 651 ,
374 609 461 643 sicut
478 609 683 654 dignitatum
705 608 856 641 culmina
873 606 1119 651 temporalium
1141 606 1260 639 beatos
1285 605 1428 638 minime
1456 605 1631 647 efficiunt,

499 668 546 701 ita
564 679 627 700 nec
646 679 767 700 eorum
784 665 952 700 abscessio
970 677 1028 698 seu
1045 664 1196 698 carentia
1211 664 1366 697 miseros.

296 791 436 848 Quod
472 791 508 836 si
537 806 703 835 eorum
740 789 1010 835 consecutio
1040 798 1085 834 et
1109 788 1373 852 praesentia,
1407 804 1515 834 cum
1550 789 1633 835 rite

229 868 367 913 etiam
404 867 694 926 obtinentur,
727 865 888 912 beatos
920 866 1112 911 minime
1146 864 1370 922 efficiunt,
1404 881 1490 910 nec
1522 882 1634 928 pro-

230 945 366 1004 fecto,
390 961 498 990 cum
527 943 703 990 abeunt
727 954 771 989 et
799 943 1019 989 deserunt
1042 958 1347 1006 possessores,
1375 942 1462 987 nisi
1491 942 1634 988 iidem

227 1038 324 1066 sese
350 1021 556 1084 primum
579 1021 816 1078 deserant,
841 1019 1046 1066 infelices
1074 1036 1154 1065 eos
1180 1029 1318 1081 atque
1343 1020 1536 1065 miseros
1560 1018 1635 1064 de·

228 1097 520 1159 relinquunt,
548 1098 778 1161 quidquid
812 1097 1080 1160 imperitum
1115 1096 1430 1159 insipiensque
1470 1096 1635 1158 vulgus

227 1174 285 1220 de
309 1191 363 1221 ea
382 1191 430 1220 re
457 1176 700 1221 existimet.
734 1176 840 1221 lllos
866 1174 1055 1220 forsitan
1082 1174 1295 1230 dixerim,
1325 1190 1434 1219 cum
1457 1173 1634 1220 abeunt
1660 1223 1663 1225 ,

226 1251 578 1315 absceduntque
618 1252 677 1298 ab
713 1252 801 1309 eis,
844 1251 1049 1296 infelices
1092 1261 1231 1313 atque
1270 1250 1464 1296 miseros
1495 1251 1633 1296 relin-

226 1345 386 1392 quere,
414 1331 495 1391 qui
526 1346 635 1375 cum
659 1331 723 1375 eis
750 1329 1068 1390 fungerentur,
1105 1328 1214 1390 ipsis
1245 1327 1458 1373 delectati
1480 1327 1634 1372 hono-

225 1405 378 1465 ribus,
411 1408 458 1452 in
484 1407 548 1451 eis
575 1423 766 1452 omnem
790 1421 1001 1451 amorem
1027 1415 1072 1450 et
1095 1404 1314 1450 affectum
1340 1420 1499 1462 suum,
1531 1414 1633 1449 tan-

225 1499 367 1545 quam
400 1485 446 1528 in
479 1500 663 1529 summo
696 1483 826 1528 bono
850 1499 946 1544 quo
978 1482 1078 1527 solo
1108 1498 1154 1526 se
1176 1481 1340 1526 beatos
1372 1480 1471 1526 fieri
1506 1480 1629 1526 arbi-

224 1569 472 1619 trarentur,
509 1569 815 1622 reponerent3
851 1574 1055 1620 quorum
1093 1557 1389 1602 calamitosos
1422 1572 1554 1602 casus
1588 1566 1633 1602 et

225 1636 382 1696 tragici
420 1645 465 1681 et
505 1636 806 1698 quamplures
849 1634 1151 1679 historiarum
1189 1633 1460 1696 scriptores,
1506 1633 1632 1679 velut

225 1713 372 1757 tristes
396 1722 534 1775 atque
562 1712 790 1771 infelices,
824 1711 1083 1756 retulerunt
1106 1719 1150 1755 et
1176 1709 1409 1754 dixerunt.
1438 1709 1631 1771 Sapiens

219 1799 380 1835 autem
409 1789 480 1833 vir
511 1799 555 1834 et
583 1788 704 1833 bene
738 1789 974 1832 institutus
1001 1787 1140 1848 longe
1170 1786 1302 1831 aliter
1325 1784 1627 1844 existimabit,

225 1866 329 1927 qui,
357 1866 393 1910 si
419 1865 479 1911 ad
509 1864 778 1926 hujusmodi
814 1862 1068 1926 aliquando
1104 1862 1388 1908 adsciscatur
1417 1873 1462 1908 et
1484 1862 1629 1908 subli-

225 1952 377 1987 metur
411 1942 637 1999 honore‘S,
676 1957 964 2001 cognoscens
1001 1957 1047 1985 se
1082 1939 1142 1985 ad
1180 1938 1368 2002 pondus
1401 1948 1445 1983 et
1468 1955 1630 1984 curam

225 2019 461 2079 regiminis
493 2034 774 2080 gravemque
811 2018 1042 2063 sarcinam
1074 2033 1128 2062 ac
1161 2017 1430 2061 servitutem
1466 2032 1630 2062 evoca-

225 2104 347 2151 tum,
392 2105 640 2156 menteque
681 2104 725 2139 et
760 2094 917 2139 animo
954 2093 1209 2157 prudenter
1253 2092 1629 2138 animadvertens

224 2187 367 2233 quam
391 2171 537 2233 fragili
570 2181 614 2216 et
649 2171 839 2233 ancipiti
868 2170 974 2215 loco
1009 2170 1195 2215 culmen
1223 2168 1420 2214 honoris
1450 2178 1630 2232 tempo-

225 2247 330 2292 ralis
351 2247 633 2293 collocatum
656 2247 729 2305 sit,
756 2247 1035 2308 quantisque
1055 2245 1193 2299 curis,
1216 2244 1625 2304 sollicitudinibus,

225 2324 469 2384 molestiis,
510 2323 726 2387 periculis
760 2322 1100 2385 timoribusque
1143 2322 1463 2385 suppositum,
1500 2322 1628 2367 nullo

226 2400 369 2445 modo
396 2417 449 2445 ex
476 2400 597 2445 illius
630 2400 962 2446 consecutione
987 2399 1167 2445 felicem
1203 2415 1250 2444 se
1285 2398 1520 2462 reputabit
1551 2409 1629 2444 aut

226 2475 431 2522 beatum.
471 2481 527 2523 Et
557 2494 640 2540 per
669 2477 778 2535 hoc,
811 2477 848 2522 si
874 2493 982 2522 eum
1013 2475 1083 2521 vel
1105 2476 1279 2534 honor,
1306 2476 1379 2521 vel
1410 2475 1628 2520 eumdem

227 2554 322 2616 ipsc
362 2554 596 2600 honorem
620 2554 944 2617 dereliquerit,
980 2553 1110 2599 nullo
1136 2553 1280 2598 modo
1314 2570 1368 2598 ex
1398 2552 1496 2614 ejus
1528 2550 1633 2597 abs-

227 2647 356 2674 cessu
381 2631 453 2675 vel
473 2631 675 2676 discessu
697 2647 743 2676 se
768 2631 999 2676 infelicem
1019 2631 1157 2676 ducet
1176 2630 1248 2674 vel
1268 2630 1505 2675 miserum.

292 2707 416 2763 Quin
453 2707 547 2752 imo
581 2707 900 2770 quamplures,
935 2708 1013 2769 qui
1052 2706 1123 2751 vel
1162 2701 1340 2769 impetu
1374 2705 1568 2750 fortunae
1604 2721 1631 2750 a
