1875 2956
281 258 358 293 306
844 256 1109 299 ΑΡομοωΑ,

712 448 1049 493 CAPITULUM
1085 448 1225 490 XVll.

312 599 362 630 De
377 596 529 630 adventu
547 594 661 628 nuntii
678 594 768 640 regis
785 591 829 626 ad
850 604 914 626 nos
930 590 1119 632 Cebennis,
1140 601 1219 624 cum
1236 588 1389 635 epistolis
1405 598 1437 623 et
1454 589 1636 626 mandatis.

339 727 429 772 Sed
454 743 560 773 ecce
581 743 689 772 cum
709 726 949 772 Gebennis
967 742 1188 784 essemus,
1213 734 1258 770 et
1282 725 1373 770 illie
1383 725 1481 787 jam
1506 740 1674 788 magna

278 805 360 849 Dei
396 804 682 866 benignitate
713 814 757 849 et
781 804 1029 849 clementia
1076 812 1306 848 extractos
1347 802 1405 847 de
1450 801 1675 862 Lugduno

271 881 417 927 libros
432 916 443 937 ,
472 890 620 926 vestes
642 890 687 925 et
710 880 940 941 reliquam
964 879 1331 942 suppellectilem
1363 877 1672 936 haberemus,

275 958 405 1004 adest
432 967 478 1003 et
503 957 562 1003 ad
586 973 673 1002 nos
695 956 884 1002 advolat
908 957 983 1001 ille
1007 957 1158 1017 regius
1184 956 1402 1014 nuntius,
1429 955 1560 1016 cujus
1583 965 1678 1001 tan-

276 1045 404 1093 tum,
447 1032 853 1097 quemadmodum
896 1033 1228 1095 pnemisimus,
1262 1030 1678 1077 formidaveramus

276 1128 542 1169 occursum,
578 1127 637 1156 ne
672 1127 759 1155 nos
796 1110 844 1154 in
879 1110 1012 1154 terris
1046 1108 1420 1172 apprehenderet
1453 1108 1588 1170 regiae
1610 1108 1678 1153 di-

276 1186 429 1231 tionis.
466 1185 626 1243 Adest,
663 1185 886 1247 inquam,
914 1184 1076 1247 paucis
1107 1198 1249 1244 quam
1280 1183 1360 1228 illo
1392 1182 1679 1246 applicuera-

277 1279 380 1307 mus
416 1261 583 1307 diebus
627 1261 865 1317 decursis,
910 1270 956 1305 et
996 1259 1134 1306 nobis
1178 1260 1396 1323 epistolas
1434 1259 1576 1321 regis,
1622 1259 1680 1306 de

275 1339 445 1400 quibus
485 1355 604 1401 saepe
644 1338 742 1399 jam
779 1338 1104 1393 meminimus,
1135 1336 1305 1382 reddit.
1336 1338 1548 1391 Quarum
1586 1336 1683 1382 haec

276 1416 478 1462 breviter
501 1417 730 1462 sententia
752 1425 849 1461 erat
877 1434 885 1460 :
916 1425 961 1460 ut
976 1452 986 1472 ,
1009 1415 1140 1460 omni
1160 1415 1329 1476 rejecta
1352 1423 1396 1459 et
1417 1412 1683 1477 posthabita

276 1493 597 1551 excusatione,
654 1502 835 1538 mature
887 1492 1221 1555 perpinianum
1266 1490 1546 1548 rediremus,
1596 1506 1682 1535 nec

276 1570 372 1614 ullo
399 1579 537 1632 pacto
574 1569 684 1614 inde
728 1569 944 1614 recedere
981 1570 1053 1613 x‘el
1088 1569 1282 1631 propius
1315 1584 1424 1613 eum
1461 1567 1681 1613 accedere

275 1662 677 1708 praesumeremus.
707 1646 790 1690 Hic
815 1654 912 1690 erat
931 1644 1141 1703 licentiae,
1166 1644 1321 1703 nobis,
1350 1653 1399 1689 ut
1423 1660 1543 1706 saepe
1565 1652 1683 1688 retu·

277 1722 440 1780 limus,
468 1721 527 1767 de
551 1721 795 1766 redeundo
828 1722 873 1766 in
910 1722 1154 1767 Franciam
1176 1737 1432 1778 concessae,
1465 1720 1679 1777 effectus,

276 1798 375 1843 haec
398 1798 517 1859 regis
539 1797 813 1856 clementia,
845 1797 945 1842 haec
970 1798 1231 1843 constantia
1248 1833 1260 1855 ,
1285 1797 1385 1842 hacc
1409 1797 1455 1841 in
1482 1795 1616 1841 dictis
1638 1805 1684 1841 et

280 1874 519 1937 promissis
544 1873 675 1919 fides.

345 1954 463 1996 Cum
486 1967 597 1997 vero
628 1967 731 1997 eam
758 1951 1042 2012 legissemus,
1077 1950 1307 2014 supplices
1334 1950 1394 1997 ad
1417 1952 1588 1998 coelum
1623 1961 1687 1999 at-

281 2028 497 2073 tollentes
536 2028 724 2086 oculos,
760 2028 929 2073 iterum
957 2037 1096 2089 atque
1129 2028 1296 2073 iterum
1331 2028 1581 2074 immensas
1619 2028 1686 2074 di·

282 2105 399 2150 vina*
433 2105 659 2166 majestati
699 2121 831 2168 paene
865 2105 1037 2166 jugiter
1077 2104 1389 2150 fundebamus
1433 2105 1685 2166 gratiarum

283 2181 518 2240 actiones,
545 2198 632 2245 pro
658 2181 796 2227 nobis
827 2191 958 2227 tanto
982 2181 1151 2227 collato
1187 2181 1417 2227 beneflcio
1435 2218 1446 2238 ,
1471 2181 1599 2243 quod
1624 2182 1686 2228 ita

285 2257 527 2303 sceleratas
543 2274 710 2303 manus
732 2267 777 2302 et
794 2258 960 2320 impias
972 2258 1423 2320 perversissimorum
1438 2257 1684 2304 hominum

286 2333 475 2378 iusidias
519 2333 895 2392 declinassemus,
946 2334 1188 2395 irritasque
1225 2349 1389 2379 eorum
1424 2334 1687 2381 fecissemus

287 2408 577 2467 molitiones,
606 2420 651 2455 et
679 2410 809 2472 quod
845 2410 1036 2455 nuntius
1062 2410 1138 2455 ille
1161 2409 1298 2455 nobis
1331 2411 1377 2455 in
1404 2411 1567 2457 itinere
1589 2429 1686 2458 non

287 2488 577 2532 occurrisset.
597 2488 706 2545 Qui,
724 2504 831 2531 cum
850 2503 933 2550 per
956 2486 1239 2532 Delfinatum
1260 2504 1405 2551 prope
1426 2490 1548 2551 ripas
1563 2489 1688 2535 Rho-

287 2563 396 2609 dani
434 2581 516 2626 per
541 2565 695 2627 plures
730 2564 1064 2626 equitassemus
1097 2564 1262 2622 dietas,
1300 2569 1399 2611 Deo
1430 2567 1615 2612 volente
1642 2577 1687 2613 et

288 2642 536 2687 miserante
575 2642 743 2700 nostri,
783 2658 866 2704 per
891 2642 1083 2686 alteram
1120 2642 1267 2704 ripam
1304 2642 1518 2688 Rhodani
1556 2644 1686 2705 equi-

289 2729 418 2775 tans,
457 2729 502 2763 et
537 2718 672 2764 nobis
711 2719 758 2763 in
790 2718 867 2764 illa
902 2719 974 2764 via
1005 2735 1195 2781 sperans
1230 2735 1501 2779 occurrere,
1541 2736 1687 2781 usque
