1875 2956
252 283 328 319 248
806 281 1050 318 APOLOGIA
1072 310 1082 323 ,

255 369 445 432 quidem
469 371 706 415 succincto
741 368 967 431 brevique
997 385 1241 428 sermone,
1283 387 1390 417 nam
1415 375 1570 419 multis
1592 374 1650 420 ad

251 448 477 493 christum
500 447 689 492 Domini
714 446 959 491 visendum
984 456 1028 491 et
1061 446 1232 508 pariter
1263 449 1650 496 consalutandum

249 541 305 570 ex
338 525 474 570 variis
509 522 716 583 undique
750 522 1018 583 regionibus
1057 521 1425 581 confluentibus,
1456 526 1653 573 difficilis

251 611 295 648 et
322 617 424 646 rara
446 599 682 644 audientia
705 600 916 662 plurimis
938 598 1258 662 praestabatur.

319 678 527 721 Primum
559 686 658 722 erat
683 687 755 734 ut,
783 676 1031 722 calamitati
1056 677 1342 739 populorum
1363 677 1502 722 totius
1525 681 1651 741 regni

252 752 322 796 sui
344 751 657 813 compatiens,
682 751 763 813 qui
780 787 790 807 ,
818 751 880 796 ob
903 751 995 796 hoc
1017 751 1145 812 quod
1167 761 1263 796 tam
1286 752 1518 798 diuturnis
1539 763 1652 800 tem-

254 825 447 889 poribus
467 828 714 873 occasione
740 827 974 874 bellorum
1005 828 1219 873 militiam
1248 829 1385 873 simul
1417 838 1461 873 et
1496 829 1655 876 imma-

252 904 329 948 nia
366 902 538 948 tributa
569 904 822 950 tolerarant
863 914 907 949 et
949 904 1103 950 adbuc
1144 914 1245 949 tum
1288 904 1575 964 tolerabant,
1607 907 1653 951 in

250 979 600 1026 lamentabilem
632 982 916 1044 paucitatem
949 991 993 1026 et
1025 992 1281 1027 extremam
1314 998 1445 1044 paene
1484 998 1652 1046 paupe-

251 1057 390 1115 riem,
434 1059 723 1103 anteriorum
764 1060 1117 1121 comparatione
1152 1069 1441 1121 temporum,
1484 1059 1655 1105 redacti

252 1144 400 1193 erant,
423 1150 504 1181 eos
525 1135 719 1197 hujusce
739 1136 1017 1197 gravissimis
1037 1135 1261 1180 oneribus
1280 1135 1484 1181 relevare
1501 1136 1651 1182 vellet.

316 1212 604 1268 Secundum,
627 1222 678 1256 ut
692 1212 877 1274 justitiae
893 1212 1070 1257 cultum
1085 1222 1131 1257 et
1153 1212 1501 1258 observantiam
1519 1223 1656 1276 atque

251 1288 492 1347 ordinem,
527 1298 620 1334 tam
646 1289 693 1333 in
717 1289 946 1351 supremis
980 1305 1124 1350 quam
1147 1289 1194 1334 in
1221 1289 1320 1334 aliis
1354 1288 1654 1350 quibuscum-

252 1382 342 1426 que
374 1366 513 1410 curiis
537 1376 581 1410 et
611 1365 924 1411 tribunalibus
950 1366 1078 1427 regni
1104 1367 1200 1423 sui,
1239 1366 1286 1410 in
1313 1366 1484 1428 quibus
1515 1366 1657 1412 ferme

254 1443 475 1488 omnibus
499 1444 661 1506 dilapsi
688 1454 733 1489 et
752 1445 964 1489 exstincti
987 1454 1136 1502 erant,
1155 1445 1203 1488 in
1228 1445 1469 1490 meliorem
1487 1455 1657 1491 statum

253 1529 297 1564 et
316 1519 514 1564 sormam
538 1520 792 1565 reformare
814 1530 952 1581 atque
973 1520 1285 1580 redintegrare
1304 1520 1524 1564 studeret.

318 1597 501 1653 Quibus
516 1597 702 1643 duobus
722 1598 785 1643 sic
807 1597 1051 1660 perstricto
1076 1613 1291 1641 sermone
1311 1596 1397 1640 sibi
1419 1598 1652 1659 expositis,

252 1675 418 1735 gratias
442 1689 634 1734 magnas
655 1690 702 1719 se
722 1673 859 1720 nobis
880 1673 1054 1718 habere
1073 1673 1197 1717 illico
1217 1673 1472 1736 respondit.
1500 1673 1658 1719 Aiebat

252 1767 422 1814 nempe
454 1760 500 1796 et
522 1750 788 1796 affirmabat
809 1767 856 1795 se
880 1751 937 1796 de
958 1751 1032 1794 his
1054 1749 1192 1794 rebus
1222 1766 1305 1812 per
1337 1766 1423 1795 nos
1446 1767 1656 1795 commo—

252 1829 430 1887 nitum,
468 1843 584 1889 quas
619 1843 712 1890 prae
740 1827 919 1871 cunctis
939 1825 1078 1871 rebus
1098 1825 1436 1887 temporalibus
1459 1827 1658 1889 amplius

250 1904 474 1967 perficere
509 1913 701 1967 cuperet
737 1913 782 1948 et
815 1902 1072 1962 affectaret,
1126 1902 1399 1963 nullamque
1434 1918 1533 1946 rem
1570 1902 1658 1948 sibi

250 1998 386 2044 posse
417 1981 589 2042 gratius
614 1980 791 2039 afferri,
819 1996 905 2025 nec
928 1995 1029 2040 qucc
1065 1979 1209 2023 menti
1239 1995 1330 2024 suae
1354 1989 1493 2041 atque
1532 1980 1656 2025 auri—

250 2057 340 2103 bus
361 2057 615 2118 jucundior
649 2066 789 2118 atque
822 2057 1009 2101 suavior
1048 2056 1267 2100 insonare
1304 2065 1479 2117 posset,
1514 2072 1655 2116 quam

252 2133 332 2177 ubi
365 2133 422 2177 de
446 2131 630 2177 duabus
658 2132 983 2193 hujuscemodi
1016 2131 1155 2176 rebus
1186 2131 1423 2193 patrandis
1447 2141 1491 2175 et
1522 2132 1657 2194 perfi-

251 2209 428 2254 ciendis
463 2209 792 2254 adhortaretur
825 2218 963 2269 atque
995 2216 1398 2264 commoneretur,
1443 2207 1655 2253 videlicet

251 2287 309 2331 de
357 2286 608 2332 relevando
646 2287 876 2349 populum
923 2285 1051 2344 regni
1099 2286 1167 2329 sui
1215 2294 1456 2345 totumque
1505 2285 1655 2347 ipsum

252 2379 448 2424 regnum
473 2362 532 2408 ab
558 2363 644 2407 illis
672 2360 1012 2407 miserabilibus
1033 2361 1249 2405 aerumnis
1275 2370 1319 2405 et
1343 2362 1656 2423 oppressioni-

251 2441 339 2485 bus
363 2440 534 2485 militiae
556 2450 601 2484 et
616 2439 925 2496 tributorum,
949 2447 1315 2498 caetersn'umque
1333 2439 1656 2497 gravaminum

251 2528 292 2563 et
321 2516 733 2562 incommodorum
759 2530 860 2577 quae
884 2514 992 2559 inde
1017 2513 1192 2558 oboriri
1221 2514 1394 2572 solent,
1423 2525 1467 2559 et.
1494 2515 1539 2559 in
1573 2532 1655 2561 an-

252 2596 401 2656 tiquas
442 2594 664 2655 gloriam,
712 2592 947 2637 libertates
991 2601 1128 2652 atque
1172 2591 1459 2654 opulentiam
1501 2593 1654 2654 ipsum

253 2671 537 2717 restituendo
575 2680 712 2732 atque
748 2668 1074 2728 instaurando,
1114 2684 1167 2713 ac
1204 2668 1262 2713 de
1297 2668 1456 2713 debito
1489 2669 1654 2715 ordine

250 2750 403 2810 legum
428 2758 473 2793 ct
490 2749 674 2810 justitiae
700 2746 1004 2793 instaurando
1023 2756 1161 2808 atque
1185 2745 1504 2792 reformando.
1531 2747 1653 2792 Refe-
