1875 2956
656 210 799 246 LIBER
827 209 1021 246 PRIMUS.
1464 207 1531 241 2811

149 299 313 363 positi,
346 299 532 345 cuidam
561 299 724 345 cadelo
752 297 992 355 Dalbretg
1026 293 1180 340 traditi
1218 293 1422 350 fuerant,
1460 296 1536 355 qui

147 393 227 421 eos
249 376 309 421 ad
332 393 449 438 quos
466 376 601 421 libuit
626 393 734 421 usus
754 376 987 438 applicare
1003 411 1014 432 ,
1049 372 1135 417 Dei
1167 371 1333 415 timore
1358 371 1542 433 postha-

146 452 263 511 bito,
294 453 484 497 minime
520 452 803 498 formidavit.
831 450 921 496 Sed
948 447 1270 513 postmodum,
1304 456 1541 492 contracta

146 546 230 593 per
243 547 350 574 eum
367 530 569 591 quadam
588 530 635 573 in
661 544 817 589 regem
841 526 1118 585 offensione,
1136 526 1183 570 in
1206 523 1324 570 urbe
1349 524 1543 569 Pictavis

147 622 230 668 per
255 623 361 651 eum
397 606 545 668 capite
577 605 738 667 plexus
772 613 817 649 et
850 604 897 648 in
930 612 1083 666 partes
1118 611 1320 663 quatuor
1347 600 1544 645 laniatus

150 692 302 728 a‘state
338 683 547 746 proxime
584 680 812 743 praeterita
849 679 978 723 fuit2.
1020 678 1105 723 Cui
1146 675 1454 722 nihilominus
1495 685 1545 720 ut

148 764 272 806 Deus
292 762 519 824 propitius
547 776 642 805 esse
663 760 878 822 dignetur
910 768 1049 820 atque
1072 767 1374 821 peccatorum
1401 765 1446 800 et
1474 772 1545 800 er-

146 849 354 884 ratorum
379 853 571 882 suorum
592 837 695 899 pius
718 835 942 894 indultor,
964 834 1195 898 supplices
1214 849 1476 878 exoramus.

212 917 364 971 Quam
401 914 605 976 primum
640 929 751 958 vero
787 913 944 975 patriae
973 911 1089 956 fines
1125 909 1384 970 attigimus,
1414 919 1459 954 et
1499 909 1545 953 in

147 992 278 1037 terris
297 991 429 1052 regiae
452 989 641 1034 ditionis
665 989 834 1052 pedem
859 988 1118 1047 retulimus,
1151 986 1377 1049 ecepimus
1410 985 1468 1030 ad
1494 985 1548 1030 li-

149 1067 345 1129 quidum
394 1082 647 1128 agnoscere
694 1065 842 1127 qualis
881 1064 1021 1124 fides,
1066 1064 1214 1126 qualis
1254 1062 1548 1107 observantia

148 1155 287 1207 atque
310 1144 542 1190 exsecutio
577 1143 828 1189 haberetur
860 1143 917 1188 de
950 1141 1180 1205 regalibus
1212 1141 1300 1186 illis
1333 1139 1550 1185 abolitio-

149 1221 286 1267 nibus
318 1238 519 1284 quarum
550 1229 864 1283 transsumpta
898 1219 1167 1265 authentica
1195 1234 1281 1281 pro
1307 1217 1550 1262 securitate

148 1298 396 1344 nobiscum
430 1298 710 1344 ferebamus.
754 1297 844 1342 Sed
885 1297 1018 1359 quia,
1060 1306 1111 1341 ut
1146 1295 1364 1356 Tragicus
1397 1294 1546 1351 canit,

279 1418 424 1458 Serum
446 1428 506 1458 est
528 1418 703 1458 cavendi
726 1429 889 1474 tempus
913 1416 956 1456 in
979 1413 1127 1455 mediis
1149 1412 1285 1464 malis,

142 1530 240 1591 jam
271 1528 436 1572 frustra
459 1526 596 1572 nobis
624 1525 682 1571 de
713 1525 958 1571 temeraria
987 1522 1274 1570 confidentia
1307 1523 1552 1585 poenitudo

148 1604 421 1651 ducebatur.
453 1606 570 1649 Nam
603 1602 800 1664 gradum
841 1616 1061 1646 revocare
1087 1616 1185 1645 non
1215 1598 1408 1657 licebat,
1444 1615 1550 1643 cum

150 1681 236 1727 sub
264 1681 550 1726 districtione
580 1681 705 1741 regia
737 1688 1021 1735 teneremur,
1049 1676 1128 1722 sed
1152 1675 1551 1739 progrediendum

152 1758 342 1802 ulterius
380 1766 477 1802 erat
508 1766 552 1802 et
584 1754 919 1818 experiendum
943 1753 1092 1814 qualis
1122 1769 1207 1797 nos
1232 1752 1420 1797 inantea
1460 1751 1553 1796 for-

153 1845 265 1879 tuna
297 1843 522 1878 maneret.
563 1835 617 1876 Et
641 1848 749 1877 cum
773 1847 826 1876 ex
858 1829 1152 1890 Rothomago
1186 1829 1234 1873 in
1264 1829 1364 1891 ipso
1392 1828 1554 1889 regalis

152 1912 386 1957 districtus
413 1910 574 1955 limine
604 1909 740 1954 nobis
774 1908 1067 1953 nuntiaretur
1090 1923 1176 1951 nos
1205 1906 1266 1951 ad
1296 1907 1414 1966 regis
1444 1922 1554 1967 prze-

152 1989 371 2045 sentiam,
407 1987 487 2049 qui
522 1996 633 2032 tunc
666 1985 922 2031 Aurelianis
959 1992 1057 2029 erat
1076 1984 1105 2042 ³,
1144 1982 1268 2027 illico
1302 1992 1347 2027 et
1378 1981 1568 2043 absque.

153 2065 245 2110 ulla
270 2064 566 2109 cunctatione
586 2062 758 2108 debere
775 2060 1022 2119 accedere,
1046 2069 1090 2104 et
1112 2069 1180 2117 ut,
1208 2059 1368 2103 relicto
1392 2058 1554 2102 itinere

154 2157 236 2203 per
261 2140 604 2199 Rothomagum
641 2142 753 2201 (qua
782 2147 907 2183 recta
940 2136 1076 2181 nobis
1098 2135 1286 2199 patebat
1316 2134 1429 2193 via),
1472 2138 1556 2178 Xu-

154 2218 337 2263 relianis
359 2234 442 2280 per
470 2217 605 2263 silvas
626 2226 671 2262 et
694 2216 818 2261 invia
840 2213 1054 2276 quaedam
1082 2223 1222 2275 atque
1248 2213 1428 2258 deserta
1452 2212 1554 2257 loca

213 2382 249 2416 1.
282 2378 435 2416 Chai-les
465 2378 637 2415 d’Albret
653 2407 662 2423 ‚
698 2376 876 2428 seigneur
907 2374 953 2412 de
980 2374 1265 2412 Saint-Bazeille
1279 2403 1288 2419 ,
1325 2371 1493 2421 (lecapiu'¹
1535 2370 1555 2407 a

165 2440 331 2487 poitiers,
351 2440 385 2476 le
409 2444 429 2477 7
454 2440 548 2477 avril
570 2442 684 2476 1473.

212 2503 248 2536 ⁶2.
279 2503 458 2537 L'auteur
477 2502 622 2538 revient
642 2514 706 2537 sur
726 2513 768 2536 ce
788 2499 853 2536 fait
872 2499 964 2535 dans
986 2511 1053 2534 son
1075 2497 1243 2546 chapitre
1267 2508 1346 2532 xx1.

216 2565 251 2597 3.
280 2562 392 2597 Louis
411 2564 465 2598 XI
486 2575 524 2598 se
544 2562 613 2598 tint
633 2565 652 2598 a
673 2561 830 2598 Orleans
856 2560 990 2610 depuis
1009 2559 1046 2595 la
1068 2560 1118 2595 fin
1139 2556 1333 2593 d’octobre
1354 2555 1401 2599 (il
1427 2567 1449 2601 y
1471 2553 1558 2589 &ait

163 2624 196 2659 le
209 2625 258 2659 ⁶22
270 2626 280 2669 )
293 2623 441 2672 jusqu’ii
458 2625 491 2660 la
506 2625 555 2660 fin
578 2624 624 2660 de
641 2623 841 2661 decembre
857 2624 976 2660 1466.
998 2623 1161 2656 Orclmm.
1182 2621 1244 2654 des
1257 2620 1330 2653 mis
1343 2619 1389 2651 dc
1403 2619 1555 2657 mece,

164 2694 189 2722 t.
217 2687 315 2722 XVI.
