1875 2956
247 200 294 232 ’,εο
605 201 939 236 HISTORIARUM
968 203 1199 239 LUDOVICI
1230 206 1282 240 XI

241 284 503 346 jaciebant,
543 288 655 332 nihil
694 287 893 349 amplius
929 289 1045 333 votis
1082 301 1368 352 expetentes,
1411 311 1549 356 quam
1590 306 1636 340 ut

247 372 520 420 moreretur,
547 374 589 409 et
616 364 786 425 periret
808 379 981 409 nomen
1005 364 1118 426 ejus.

680 565 1010 609 CAPl'l'ULUM
1046 567 1205 609 XXIV.

245 707 435 750 Quomodo
456 707 618 740 dominns
635 708 863 753 Trajectensis
879 710 992 755 posuit
1014 709 1170 755 praesidia
1193 709 1339 742 militum
1361 710 1395 742 in
1420 711 1534 755 Hya-k,
1556 712 1641 744 Rhe-

293 775 353 794 nen
377 772 409 795 et
434 763 622 808 Yselsteym·
649 763 728 808 qui,
755 777 795 797 ex
822 777 903 805 una,
926 773 957 798 et
983 765 1041 798 alii
1064 765 1208 805 willeri,
1228 765 1354 809 quibus
1376 765 1555 811 impletum
1582 767 1642 800 fuit

293 820 505 865 'l'rajcctum‚
524 833 563 853 ex
581 821 685 854 altera
707 821 877 868 partibuS,
901 831 1007 856 totam
1029 821 1241 868 adjacentem
1262 823 1407 868 patriam
1428 823 1598 857 incendiis
1613 833 1646 857 et

292 875 421 921 rapinis
434 885 663 912 xastaverunt.

312 1004 429 1047 Cum
465 1012 621 1048 autem
651 1003 777 1049 idem
802 1005 967 1067 praesul
996 1015 1036 1050 et
1075 1005 1296 1051 dominus
1324 1006 1501 1052 videret
1534 1007 1645 1053 civi-

249 1089 389 1124 tatem
423 1095 554 1125 suam
593 1089 721 1126 tanta
753 1081 1053 1126 rutherorum
1096 1092 1142 1127 et
1170 1083 1374 1145 plurium
1409 1099 1463 1128 ex
1496 1100 1646 1147 popu-

247 1155 330 1202 lari
363 1155 660 1202 multitudine
694 1157 866 1202 civium
891 1167 1055 1203 contra
1083 1175 1130 1204 se
1154 1160 1407 1218 munitam,
1448 1176 1642 1223 eosque,

247 1232 325 1294 qui
363 1231 658 1294 tyrannidem
688 1234 734 1278 in
768 1249 823 1279 ea
848 1234 1166 1297 arripuerant,
1197 1235 1312 1280 nihil
1347 1235 1471 1281 aliud
1506 1253 1645 1299 quam

250 1325 296 1353 se
315 1309 547 1371 perditum
568 1310 624 1355 iri
652 1320 813 1374 optare
841 1327 896 1357 ac
923 1311 1101 1370 moliri,
1127 1311 1293 1357 habuit
1316 1312 1413 1374 ipse
1436 1328 1644 1372 necesse,

250 1385 307 1431 ad
338 1387 677 1448 protectionem
704 1388 800 1445 sui,
829 1388 968 1432 etiam
1000 1404 1097 1433 sese
1130 1388 1406 1434 militaribus
1428 1389 1649 1452 praesidiis

249 1462 557 1507 communire.
586 1463 719 1508 Unde
744 1464 790 1508 in
816 1463 964 1509 tribus
981 1464 1213 1526 praecipue
1238 1465 1423 1527 oppidis
1439 1500 1449 1520 ‚
1477 1465 1648 1510 civitati

248 1538 434 1596 vicinis,
461 1539 676 1585 videlieet
702 1539 875 1601 ll'ycls,
904 1539 985 1585 ubi
1020 1540 1116 1603 ipse
1145 1556 1326 1586 moram
1360 1540 1576 1597 faciebat,
1605 1551 1647 1586 et

251 1615 297 1659 in
319 1615 515 1661 Rhenis¹
536 1626 674 1679 atque
695 1616 977 1675 Yselstania,
999 1616 1198 1661 militum
1221 1615 1433 1680 praesidia
1452 1616 1650 1663 advoca·

251 1694 331 1738 vit.
369 1693 607 1757 Oppidum
625 1705 782 1741 autem
805 1694 1123 1741 Amerssordiae
1139 1697 1176 1752 2,
1205 1695 1335 1758 quod
1354 1705 1490 1741 antea
1509 1696 1646 1742 etiam

250 1770 422 1814 civium
452 1769 820 1817 dissensionibus
852 1781 897 1817 et
933 1772 1105 1817 mutuis
1141 1772 1313 1816 civium
1348 1772 1648 1834 proscriptio-

250 1845 389 1891 nibus
425 1847 648 1907 agitatum
683 1848 855 1907 fuerat,
897 1859 941 1894 et
981 1849 1026 1893 in
1065 1865 1160 1911 quo
1199 1848 1535 1911 praevaluerant
1570 1850 1649 1912 qui

252 1925 390 1980 cives,
417 1941 502 1969 suo
528 1925 710 1987 praesuli
732 1925 1043 1987 obsequentes
1066 1935 1204 1988 atque
1229 1925 1455 1985 faventes,
1483 1927 1650 1988 injuria

253 2011 297 2046 et
319 2001 740 2064 proscriptionibus
763 2002 1036 2061 affecerant,
1075 2002 1442 2066 pertinacissimo
1482 2002 1652 2048 foedere

253 2079 529 2139 Trajeetensi
553 2079 750 2139 civitati,
777 2089 941 2125 contra
971 2080 1189 2126 eumdem
1221 2096 1357 2125 suum
1380 2080 1619 2142 praesulem
1637 2117 1648 2139 ,

254 2171 301 2200 se
327 2156 599 2200 constrinxit
618 2165 758 2217 atque
781 2156 1001 2201 devinxit.

320 2233 413 2275 Nec
431 2231 443 2253 ³
464 2247 595 2276 mora
618 2232 758 2293 longa
780 2231 1062 2289 Fridericus,
1088 2231 1306 2276 dominus
1331 2231 1388 2277 de
1412 2233 1623 2278 Ioelslein
1639 2272 1650 2293 ,

257 2308 449 2371 stipatus
473 2308 670 2354 rutheris
699 2309 808 2368 suis,
836 2309 893 2355 ad
922 2308 1245 2355 suburbanum
1265 2319 1408 2373 portae
1431 2311 1650 2371 civitatis,

258 2400 359 2444 quae
395 2385 572 2429 Sanctae
607 2384 867 2430 Catharinae
903 2395 1269 2445 cognomentum
1306 2385 1475 2445 habet,
1514 2398 1652 2432 noctu

314 2542 349 2577 1.
382 2543 537 2589 Rcynen
558 2544 775 2589 (Renesse).

316 2608 352 2642 2²..
383 2603 629 2642 Amcrssoort‚

318 2670 353 2702 2¹».
385 2670 444 2703 Sic·
462 2666 670 2707 Mattliaeus,
694 2678 728 2703 ct
749 2667 840 2703 dans
861 2669 893 2704 le
919 2682 984 2704 ms.
