1875 2956
643 208 787 243 LIBER
816 207 1064 243 SEPTIMUS.
1484 208 1556 243 139

163 302 304 339 tatem
336 293 510 351 redire,
544 294 624 340 sed
648 295 850 358 propriis
869 293 1043 340 laribus
1065 292 1257 349 relictis,
1292 289 1453 354 inopia
1484 309 1558 336 ur-

160 377 319 429 gente,
346 384 443 413 sese
480 368 539 414 ad
573 369 749 431 oppida
783 368 1186 430 transyssellana¹,
1213 375 1292 411 aut
1323 365 1435 424 alia,
1464 382 1559 428 quo

159 443 442 506 potuissent,
481 444 752 500 transferre,
787 442 1112 505 hujuscemodi
1134 442 1321 504 tyranni
1346 442 1464 487 ultra
1499 442 1560 487 ci-

160 535 238 564 ves
290 519 347 564 ad
385 520 747 566 conducendum
780 535 1020 564 annonam
1059 518 1182 562 exire
1215 518 1409 563 minime
1456 534 1559 580 per-

160 596 411 652 miserunt3
440 597 520 642 sed
553 597 644 642 hoc
674 596 873 641 rutheris
904 596 997 641 suis
1030 595 1269 640 dumtaxat
1294 594 1558 641 faciendum

160 674 469 735 reliquerunt,
491 690 693 736 quorum
713 683 868 718 tamen
887 675 899 697 ²
923 688 1171 717 numerum
1189 671 1415 733 majorem
1438 672 1559 717 intra

158 751 392 796 civitatem
414 766 596 813 semper
618 759 847 795 retentare
871 747 1100 794 solebant.

635 927 970 971 CAPITULUM
1016 926 1093 968 111.

158 1048 206 1079 De
223 1047 459 1080 commotione
477 1047 749 1092 Trajectensium
767 1054 888 1079 contra
907 1058 986 1078 suos
1002 1054 1179 1091 tyrannos.
1201 1053 1232 1077 et
1248 1044 1291 1077 de
1305 1058 1427 1078 eorum
1441 1046 1558 1079 incar-

391 1107 578 1147 ceratione,
598 1115 630 1139 ct
647 1105 827 1151 quomodo
841 1118 911 1139 sese
925 1105 1119 1139 stultissime
1137 1113 1280 1150 egerunt
1301 1105 1327 1137 ³.

222 1210 557 1256 Desiderabant
589 1220 745 1255 autem
780 1220 825 1255 et
861 1209 1185 1255 acclamabant
1226 1224 1358 1271 paene
1396 1225 1560 1253 omnes

156 1301 339 1347 pacem,
357 1272 652 1348 et'eousque⁷
674 1302 769 1331 uno
783 1286 877 1341 die,
901 1295 1179 1348 perventum
1197 1294 1264 1330 est
1290 1283 1443 1346 quod,
1467 1284 1561 1328 col-

155 1361 272 1407 lecta
294 1362 590 1407 mullitudine
613 1363 773 1424 populi
796 1363 843 1407 in
868 1363 1031 1419 armis,
1061 1361 1144 1423 ipsi
1178 1360 1360 1422 aliquos
1385 1359 1444 1405 de
1467 1360 1560 1405 suis

155 1438 363 1499 tyrannis
388 1447 613 1500 ceperunt
636 1447 681 1482 et
713 1439 760 1482 iu
788 1453 1020 1482 carcerem
1041 1437 1337 1482 detruserunt
1353 1473 1364 1495 ‚
1391 1437 1561 1482 claves-

155 1530 245 1576 que
276 1524 519 1577 portarum
552 1514 748 1559 civitatis
780 1531 806 1560 a
837 1515 931 1559 suis
964 1514 1333 1577 burgimagistris
1368 1530 1560 1578 accepe-

155 1600 286 1647 runt3
310 1600 355 1636 et
373 1591 408 1635 si
426 1591 529 1653 quis
546 1591 592 1635 in
617 1591 683 1635 eis
703 1591 859 1636 fuisset
878 1607 1060 1651 sensus,
1084 1592 1121 1636 si
1141 1591 1254 1654 quid
1272 1591 1389 1636 boni
1411 1593 1560 1637 consi-

154 1667 203 1711 lii
229 1667 302 1712 vel
322 1667 602 1729 prudentiae,
636 1683 801 1729 pacem
825 1683 957 1713 suam
978 1668 1024 1712 in
1050 1667 1268 1713 manibus
1292 1666 1554 1724 habebant,

155 1752 199 1788 et
231 1744 460 1788 servitutis
481 1743 646 1804 jugum
668 1742 982 1789 excutiebant.
1016 1744 1063 1788 Si
1089 1745 1216 1788 enim
1251 1742 1415 1788 habito
1450 1759 1557 1788 cum

155 1819 265 1864 viris
293 1819 432 1864 bonis
457 1828 502 1865 et
526 1819 812 1882 sapientibus
837 1829 1125 1883 acceptoque
1154 1820 1351 1866 consilio
1377 1820 1430 1881 (e
1455 1821 1557 1882 qui-

154 1895 243 1941 bus
277 1906 324 1941 et
358 1896 405 1941 in
439 1896 591 1952 clero,
633 1906 678 1941 et
721 1897 768 1942 in
821 1897 1000 1959 populo
1036 1896 1319 1942 sufficienter
1359 1898 1557 1943 inveniri

155 1973 469 2036 potuissent),
511 1974 664 2019 statim
695 1973 756 2018 ad
791 1973 1039 2019 dominum
1068 1983 1112 2019 et
1146 1984 1385 2037 pastorem
1421 1991 1556 2019 suum

155 2051 387 2113 optimum
438 2050 794 2109 accersendum,
835 2051 912 2112 qui
950 2066 1097 2113 prope
1139 2050 1199 2096 ad
1250 2051 1338 2097 tria
1376 2060 1557 2097 tantum

155 2127 227 2172 vel
256 2127 352 2172 duo
385 2127 599 2172 milliaria
628 2127 855 2185 distabat,
881 2127 1056 2188 legatos
1087 2127 1342 2185 misissent,
1371 2128 1556 2174 interim

155 2204 264 2266 ipsis
295 2204 484 2249 armatis
506 2204 640 2249 simul
679 2202 1064 2266 permanentibus
1094 2214 1140 2248 et
1164 2221 1325 2250 muros
1353 2221 1460 2250 suos
1493 2214 1558 2250 at-

158 2296 246 2342 que
279 2290 436 2343 portas
467 2280 659 2325 solerter
676 2279 1048 2325 custodientibus
1069 2298 1078 2324 :
1104 2281 1218 2326 nulli
1242 2280 1440 2326 dubium
1461 2298 1557 2327 esse

156 2366 305 2418 potest
335 2358 474 2418 quin,
516 2356 709 2420 depulsa
739 2356 985 2418 tyrannide
1022 2373 1115 2418 qua
1152 2357 1474 2403 miserabiliter
1512 2367 1556 2402 et

214 2494 248 2526 1.
281 2494 350 2528 Les
370 2492 474 2529 villes
494 2492 760 2529 d‘Over-Yssel
776 2521 785 2535 ‚
809 2492 896 2528 dest
912 2491 1050 2527 rii-dne
1066 2491 1112 2528 de
1132 2492 1165 2528 la
1191 2491 1390 2528 Hollande.

210 2553 247 2587 2.
279 2553 400 2590 Plutot
419 2563 515 2590 tunc.

214 2615 248 2648 3.
280 2613 452 2663 Chapilre
485 2615 657 2664 imprime
689 2616 781 2651 (lans
808 2615 859 2650 les
889 2618 1072 2650 Analecta
1097 2615 1143 2650 ‹le
1171 2614 1367 2650 Matthaaus
1396 2622 1430 2647 et
1465 2613 1555 2648 dans

160 2675 424 2723 l'Amplc'ssima
444 2678 618 2711 collectio.
