1875 2956
681 174 824 209 LIBER
852 173 1101 210 SEPTIMUS.
1516 179 1559 213 17
1568 181 1588 213 5

192 257 372 315 fecerit,
395 257 498 318 quis
523 257 692 303 referre
714 259 967 319 suffecerit,
995 269 1046 305 ut
1075 259 1389 304 pictavensem
1413 264 1590 322 episco-

193 336 344 397 pum¹‚
373 335 779 399 archiepiscopum
810 336 1241 395 Ebrudunensem’,
1281 336 1592 399 archiepisco-

194 428 305 473 pum
340 412 718 473 Bituricensem³‚
764 412 1070 477 [episcopum]
1113 412 1516 471 Laudunensem⁸‚
1549 424 1593 459 et

190 487 304 533 alios
328 505 458 550 paene
481 489 751 535 innumeros
770 490 895 535 viros
918 490 1158 551 religione,
1179 490 1406 551 sapientia
1429 499 1474 535 et
1491 491 1594 536 vitae

192 564 450 627 integritate
484 563 787 629 praestantes?

259 644 313 687 Et
331 642 428 688 haec
443 643 634 705 quidem
652 658 769 688 szeva
789 652 927 705 atque
946 640 1152 687 crudelia
1175 643 1316 687 etiam
1335 643 1382 687 in
1400 643 1594 689 multos⁵

190 720 418 779 exercuit,
447 718 617 781 quibus
637 719 831 780 gratiam
854 735 938 783 per
956 719 1117 766 vedicta
1141 719 1331 782 publica
1355 729 1400 764 et
1430 719 1595 765 indul-

191 798 394 858 gentiam
420 797 701 860 plenariam,
730 797 767 841 si
792 813 848 843 ea
870 795 1078 858 indigere
1103 797 1379 860 potuissent,
1399 797 1595 860 ipsemet

190 877 519 922 concesserat⁶⁸
539 875 629 920 Sed
650 884 749 921 esto
774 874 902 937 quod
922 875 1129 920 insontes
1151 874 1321 935 forent,
1339 875 1410 920 vel
1425 877 1438 898 ‘¹
1455 875 1596 921 etiam

190 969 276 1015 pro
296 953 453 1015 aliquo
475 969 558 1016 per
577 969 657 998 eos
684 951 932 998 adversum
955 968 1002 997 se
1027 950 1232 998 admisso
1256 952 1447 998 fuissent
1475 952 1596 1014 juste

191 1029 446 1090 puniendi,
486 1045 572 1074 nec
607 1044 690 1074 sua
712 1038 871 1074 tamen
894 1045 974 1074 eos
1007 1029 1295 1087 innocentia,
1328 1045 1415 1074 nec
1443 1028 1597 1074 indul·

191 1105 344 1165 gentia
372 1106 671 1168 quantumvis
694 1121 909 1168 expressa
930 1106 994 1151 eis
1023 1106 1069 1150 in
1098 1106 1195 1151 ullo
1220 1115 1403 1169 poterat
1437 1105 1598 1151 suffra-

192 1183 304 1242 gari.
330 1184 448 1228 Cum
472 1183 600 1228 enim
635 1199 722 1228 nec
744 1185 863 1242 Deo,
895 1199 981 1228 nec
1009 1183 1193 1228 homini
1217 1199 1348 1246 paene
1387 1198 1597 1244 unquam

192 1258 333 1305 fidem
375 1269 598 1306 servasset
637 1259 751 1323 (ubi
793 1260 993 1305 maxime
1033 1260 1295 1323 quidquam
1332 1259 1598 1322 promisisse

190 1352 299 1381 eum
321 1353 376 1382 ex
396 1346 500 1399 post
521 1337 641 1383 facto
659 1337 944 1400 poeniteret),
973 1346 1072 1382 tum
1096 1337 1298 1382 maxime
1321 1335 1380 1380 ad
1407 1335 1601 1397 promis-

191 1428 350 1458 sorum
379 1413 427 1458 in
461 1412 694 1474 subjectos
726 1413 837 1472 sibi,
879 1413 1214 1474 cujuscumque
1245 1411 1482 1473 dignitatis
1520 1421 1600 1457 aut

191 1501 334 1537 status
355 1491 528 1547 forent,
557 1491 936 1538 observationem
963 1508 1010 1536 se
1035 1492 1228 1536 minime
1250 1490 1399 1535 teneri
1425 1488 1594 1535 aiebat.

192 1569 331 1624 Quod
359 1579 403 1615 et
426 1570 580 1633 ipsum
605 1569 771 1615 dixisse
799 1568 1040 1629 Edoardo,
1069 1569 1325 1630 Anglorum
1344 1567 1459 1629 regi,
1487 1568 1600 1614 rela-

195 1655 292 1693 tum
314 1649 421 1693 estss.
450 1649 568 1692 Nam
592 1663 699 1692 eum
718 1646 845 1692 idem
863 1646 1119 1707 Anglorum
1139 1663 1235 1704 rex,
1257 1662 1366 1691 cum
1383 1661 1478 1706 quo
1504 1645 1599 1707 ipse

247 1788 284 1822 1.
314 1785 476 1822 Thomas
500 1785 613 1823 Basin
634 1799 673 1823 se
692 1794 854 1836 trompe.
876 1788 949 1823 Les
969 1785 1060 1822 trois
1081 1784 1247 1835 &veques
1272 1785 1337 1835 qui
1355 1799 1393 1823 se
1414 1794 1497 1823 sont
1517 1798 1600 1823 suc·

193 1847 285 1885 cede
309 1862 373 1885 sur
397 1849 432 1885 le
453 1849 553 1899 siege
575 1848 621 1885 de
642 1849 800 1885 Poitiers
820 1848 988 1899 pendant
1011 1849 1046 1885 le
1069 1850 1183 1899 regne
1203 1848 1249 1885 de
1272 1849 1387 1886 Louis
1407 1852 1484 1896 XI,
1507 1852 1600 1886 Jean

194 1909 246 1945 du
266 1909 382 1946 Bellai
398 1938 406 1954 ‚
428 1909 644 1946 Guillaume
663 1909 712 1947 de
731 1910 842 1947 Cluni
861 1918 899 1948 et
917 1910 1047 1947 Pierre
1065 1909 1284 1948 d'Amboise
1301 1940 1311 1958 ,
1333 1918 1398 1948 ont
1418 1918 1500 1947 tous
1518 1910 1601 1956 joui

194 1970 241 2008 de
263 1971 299 2008 la
318 1971 451 2008 faveur
472 1971 521 2008 du
544 1972 616 2008 roi.

247 2035 286 2070 2.
319 2036 412 2070 Jean
431 2033 558 2080 Belle,
580 2033 822 2084 archeveque
844 2034 1070 2073 d’Embrun.

249 2097 285 2133 3.
317 2098 411 2133 Jean
426 2097 552 2141 Coeur,
571 2096 813 2147 archeveque
832 2097 878 2135 de
898 2101 1068 2149 Bourges
1082 2126 1092 2144 ‚
1114 2109 1162 2134 ne
1178 2097 1232 2134 sut
1249 2110 1316 2148 pas
1335 2097 1547 2149 persecute.
1570 2099 1600 2135 Il

195 2157 380 2208 eprouva‚
405 2158 562 2195 aussitot
586 2159 696 2209 apres
715 2159 969 2197 l'avenement
989 2159 1040 2196 du
1061 2159 1133 2206 roi,
1154 2173 1230 2196 une
1258 2159 1428 2211 disgrace
1455 2160 1501 2197 de
1528 2173 1602 2211 peu

196 2221 242 2259 de
263 2222 380 2260 duree
403 2222 571 2273 pendant
593 2223 758 2273 laquelle
779 2224 804 2261 il
825 2224 906 2262 vint
931 2224 1094 2275 precher
1114 2226 1134 2261 ἐι
1153 2224 1272 2262 Paris.
1301 2227 1429 2262 Gallia
1456 2226 1600 2269 christ„

197 2291 224 2320 t.
249 2287 300 2329 Π,
321 2285 394 2323 col.
418 2287 481 2323 89.

251 2349 286 2384 4.
318 2347 472 2386 Charles
492 2348 539 2386 de
551 2347 838 2401 Luxembourg,
857 2349 1003 2399 eveque
1021 2348 1068 2387 de
1086 2352 1207 2398 Laon,
1225 2349 1283 2387 fils
1303 2348 1354 2387 du
1377 2348 1601 2387 cannetable

199 2408 246 2446 de
265 2409 480 2449 Saint-Pol.

254 2474 290 2508 5.
320 2476 390 2510 Ms.
413 2478 554 2513 multis.

253 2533 290 2571 6.
322 2535 492 2573 Allusion
512 2539 534 2573 a
553 2536 717 2574 l’auteur
735 2535 948 2575 lui-meme.

257 2597 293 2631 7.
324 2598 392 2633 MS.
413 2606 450 2633 et
467 2598 542 2635 abi.

257 2657 292 2693 8.
325 2660 418 2696 Sans
437 2659 552 2698 doute
571 2662 593 2697 ὲ
610 2660 694 2698 leur
711 2670 894 2700 entrevue
913 2661 962 2699 de
982 2660 1208 2713 Picquigny,
1230 2674 1276 2699 en
1299 2662 1414 2698 1475.
