<?xml version="1.0" encoding="UTF-8"?>
<!DOCTYPE html PUBLIC "-//W3C//DTD XHTML 1.0 Transitional//EN"
    "http://www.w3.org/TR/xhtml1/DTD/xhtml1-transitional.dtd">
<html xmlns="http://www.w3.org/1999/xhtml" xml:lang="en" lang="en">
 <head>
  <title>
</title>
<meta http-equiv="Content-Type" content="text/html;charset=utf-8" />
  <meta name='ocr-system' content='tesseract 3.04.00' />
  <meta name='ocr-capabilities' content='ocr_page ocr_carea ocr_par ocr_line ocrx_word'/>
</head>
<body>
  <div class='ocr_page' id='page_1' title='image "./histoiredesrgn03basi_0430.png"; bbox 0 0 1875 2956; ppageno 0'>
   <div class='ocr_carea' id='block_1_1' title="bbox 233 249 1065 292">
    <p class='ocr_par' dir='ltr' id='par_1_1' title="bbox 233 249 1065 292">
     <span class='ocr_line' id='line_1_1' title="bbox 233 249 1065 292; baseline 0.004 -11"><span class='ocrx_word' id='word_1_1' title='bbox 233 249 305 283; x_wconf 61' lang='lat'>:³78</span> <span class='ocrx_word' id='word_1_2' title='bbox 797 250 1040 285; x_wconf 59' lang='lat' dir='ltr'>APOLOGIA</span> <span class='ocrx_word' id='word_1_3' title='bbox 1058 279 1065 292; x_wconf 96' lang='lat'>‚</span> 
     </span>
    </p>
   </div>
   <div class='ocr_carea' id='block_1_2' title="bbox 222 334 1680 1628">
    <p class='ocr_par' dir='ltr' id='par_1_2' title="bbox 222 334 1680 1628">
     <span class='ocr_line' id='line_1_2' title="bbox 293 334 1634 402; baseline 0.005 -25"><span class='ocrx_word' id='word_1_4' title='bbox 293 334 387 379; x_wconf 78' lang='lat' dir='ltr'>Alia</span> <span class='ocrx_word' id='word_1_5' title='bbox 405 344 489 393; x_wconf 78' lang='lat' dir='ltr'>est,</span> <span class='ocrx_word' id='word_1_6' title='bbox 516 334 644 395; x_wconf 87' lang='lat' dir='ltr'>quod</span> <span class='ocrx_word' id='word_1_7' title='bbox 668 334 715 377; x_wconf 91' lang='lat' dir='ltr'>in</span> <span class='ocrx_word' id='word_1_8' title='bbox 738 349 1036 395; x_wconf 87' lang='lat' dir='ltr'>quacumque</span> <span class='ocrx_word' id='word_1_9' title='bbox 1054 349 1209 391; x_wconf 81' lang='lat' dir='ltr'>causa,</span> <span class='ocrx_word' id='word_1_10' title='bbox 1236 337 1329 381; x_wconf 83' lang='lat' dir='ltr'>sive</span> <span class='ocrx_word' id='word_1_11' title='bbox 1346 337 1404 383; x_wconf 89' lang='lat' dir='ltr'>de</span> <span class='ocrx_word' id='word_1_12' title='bbox 1425 339 1634 402; x_wconf 88' lang='lat' dir='ltr'>proprie-</span> 
     </span>
     <span class='ocr_line' id='line_1_3' title="bbox 229 410 1634 473; baseline 0.006 -20"><span class='ocrx_word' id='word_1_13' title='bbox 229 418 337 469; x_wconf 83' lang='lat' dir='ltr'>tate,</span> <span class='ocrx_word' id='word_1_14' title='bbox 378 411 471 456; x_wconf 90' lang='lat' dir='ltr'>sive</span> <span class='ocrx_word' id='word_1_15' title='bbox 513 410 570 455; x_wconf 86' lang='lat' dir='ltr'>de</span> <span class='ocrx_word' id='word_1_16' title='bbox 608 410 921 473; x_wconf 77' lang='lat' dir='ltr'>possessione,</span> <span class='ocrx_word' id='word_1_17' title='bbox 964 411 1057 455; x_wconf 81' lang='lat' dir='ltr'>sive</span> <span class='ocrx_word' id='word_1_18' title='bbox 1094 410 1152 456; x_wconf 89' lang='lat' dir='ltr'>de</span> <span class='ocrx_word' id='word_1_19' title='bbox 1192 427 1351 457; x_wconf 85' lang='lat' dir='ltr'>annuo</span> <span class='ocrx_word' id='word_1_20' title='bbox 1388 430 1528 461; x_wconf 91' lang='lat' dir='ltr'>censu</span> <span class='ocrx_word' id='word_1_21' title='bbox 1563 416 1634 462; x_wconf 68' lang='lat' dir='ltr'>vel</span> 
     </span>
     <span class='ocr_line' id='line_1_4' title="bbox 229 487 1634 555; baseline 0.007 -24"><span class='ocrx_word' id='word_1_22' title='bbox 229 487 406 546; x_wconf 79' lang='lat' dir='ltr'>reditu,</span> <span class='ocrx_word' id='word_1_23' title='bbox 446 497 525 532; x_wconf 84' lang='lat' dir='ltr'>aut</span> <span class='ocrx_word' id='word_1_24' title='bbox 557 488 660 549; x_wconf 89' lang='lat' dir='ltr'>jure</span> <span class='ocrx_word' id='word_1_25' title='bbox 705 487 769 532; x_wconf 85' lang='lat' dir='ltr'>rei</span> <span class='ocrx_word' id='word_1_26' title='bbox 806 487 1060 534; x_wconf 83' lang='lat' dir='ltr'>immobilis</span> <span class='ocrx_word' id='word_1_27' title='bbox 1090 488 1491 552; x_wconf 80' lang='lat' dir='ltr'>qualitercumque</span> <span class='ocrx_word' id='word_1_28' title='bbox 1524 510 1634 555; x_wconf 82' lang='lat' dir='ltr'>aga-</span> 
     </span>
     <span class='ocr_line' id='line_1_5' title="bbox 227 563 1634 627; baseline 0.006 -19"><span class='ocrx_word' id='word_1_29' title='bbox 227 573 317 619; x_wconf 85' lang='lat' dir='ltr'>tur,</span> <span class='ocrx_word' id='word_1_30' title='bbox 359 564 486 609; x_wconf 90' lang='lat' dir='ltr'>nulla</span> <span class='ocrx_word' id='word_1_31' title='bbox 516 563 566 608; x_wconf 78' lang='lat' dir='ltr'>sit</span> <span class='ocrx_word' id='word_1_32' title='bbox 599 563 935 609; x_wconf 75' lang='lat' dir='ltr'>condemnatio</span> <span class='ocrx_word' id='word_1_33' title='bbox 969 581 1301 627; x_wconf 79' lang='lat' dir='ltr'>expensarum,</span> <span class='ocrx_word' id='word_1_34' title='bbox 1340 583 1447 612; x_wconf 90' lang='lat' dir='ltr'>cum</span> <span class='ocrx_word' id='word_1_35' title='bbox 1481 578 1634 616; x_wconf 86' lang='lat' dir='ltr'>tamen</span> 
     </span>
     <span class='ocr_line' id='line_1_6' title="bbox 228 640 1636 704; baseline 0.007 -21"><span class='ocrx_word' id='word_1_36' title='bbox 228 656 323 683; x_wconf 91' lang='lat' dir='ltr'>non</span> <span class='ocrx_word' id='word_1_37' title='bbox 348 640 590 685; x_wconf 85' lang='lat' dir='ltr'>omittatur</span> <span class='ocrx_word' id='word_1_38' title='bbox 611 641 759 686; x_wconf 69' lang='lat' dir='ltr'>victus</span> <span class='ocrx_word' id='word_1_39' title='bbox 779 642 993 687; x_wconf 86' lang='lat' dir='ltr'>mulctari</span> <span class='ocrx_word' id='word_1_40' title='bbox 1016 642 1232 704; x_wconf 89' lang='lat' dir='ltr'>pecunia.</span> <span class='ocrx_word' id='word_1_41' title='bbox 1257 644 1323 688; x_wconf 92' lang='lat' dir='ltr'>Ita</span> <span class='ocrx_word' id='word_1_42' title='bbox 1351 642 1399 688; x_wconf 80' lang='lat' dir='ltr'>fit</span> <span class='ocrx_word' id='word_1_43' title='bbox 1415 653 1465 688; x_wconf 92' lang='lat' dir='ltr'>ut</span> <span class='ocrx_word' id='word_1_44' title='bbox 1485 647 1636 693; x_wconf 91' lang='lat' dir='ltr'>nullus</span> 
     </span>
     <span class='ocr_line' id='line_1_7' title="bbox 225 718 1636 783; baseline 0.006 -24"><span class='ocrx_word' id='word_1_45' title='bbox 225 731 535 778; x_wconf 75' lang='lat' dir='ltr'>expensarum</span> <span class='ocrx_word' id='word_1_46' title='bbox 562 727 708 777; x_wconf 83' lang='lat' dir='ltr'>metu,</span> <span class='ocrx_word' id='word_1_47' title='bbox 735 718 816 780; x_wconf 91' lang='lat' dir='ltr'>qui</span> <span class='ocrx_word' id='word_1_48' title='bbox 844 718 1019 763; x_wconf 87' lang='lat' dir='ltr'>multos</span> <span class='ocrx_word' id='word_1_49' title='bbox 1048 734 1167 781; x_wconf 73' lang='lat' dir='ltr'>saepe</span> <span class='ocrx_word' id='word_1_50' title='bbox 1191 719 1384 765; x_wconf 80' lang='lat' dir='ltr'>retrahit</span> <span class='ocrx_word' id='word_1_51' title='bbox 1413 736 1440 765; x_wconf 84' lang='lat' dir='ltr'>a</span> <span class='ocrx_word' id='word_1_52' title='bbox 1462 721 1636 783; x_wconf 83' lang='lat' dir='ltr'>litigan-</span> 
     </span>
     <span class='ocr_line' id='line_1_8' title="bbox 225 790 1635 855; baseline 0.008 -21"><span class='ocrx_word' id='word_1_53' title='bbox 225 790 309 845; x_wconf 80' lang='lat' dir='ltr'>do,</span> <span class='ocrx_word' id='word_1_54' title='bbox 339 790 434 836; x_wconf 64' lang='lat' dir='ltr'>sive</span> <span class='ocrx_word' id='word_1_55' title='bbox 460 793 645 854; x_wconf 86' lang='lat' dir='ltr'>agendo</span> <span class='ocrx_word' id='word_1_56' title='bbox 669 794 764 839; x_wconf 68' lang='lat' dir='ltr'>sive</span> <span class='ocrx_word' id='word_1_57' title='bbox 789 793 1089 840; x_wconf 86' lang='lat' dir='ltr'>defendendo</span> <span class='ocrx_word' id='word_1_58' title='bbox 1117 794 1418 855; x_wconf 72' lang='lat' dir='ltr'>cohibeatur3</span> <span class='ocrx_word' id='word_1_59' title='bbox 1445 797 1525 842; x_wconf 88' lang='lat' dir='ltr'>sed</span> <span class='ocrx_word' id='word_1_60' title='bbox 1555 814 1635 845; x_wconf 84' lang='lat' dir='ltr'>au—</span> 
     </span>
     <span class='ocr_line' id='line_1_9' title="bbox 224 866 1636 934; baseline 0.006 -22"><span class='ocrx_word' id='word_1_61' title='bbox 224 866 384 913; x_wconf 79' lang='lat' dir='ltr'>dacter</span> <span class='ocrx_word' id='word_1_62' title='bbox 410 871 750 932; x_wconf 77' lang='lat' dir='ltr'>unusquisque,</span> <span class='ocrx_word' id='word_1_63' title='bbox 777 887 804 917; x_wconf 90' lang='lat' dir='ltr'>a</span> <span class='ocrx_word' id='word_1_64' title='bbox 827 887 922 933; x_wconf 90' lang='lat' dir='ltr'>quo</span> <span class='ocrx_word' id='word_1_65' title='bbox 949 888 1114 917; x_wconf 88' lang='lat' dir='ltr'>census</span> <span class='ocrx_word' id='word_1_66' title='bbox 1143 872 1311 934; x_wconf 90' lang='lat' dir='ltr'>aliquis</span> <span class='ocrx_word' id='word_1_67' title='bbox 1334 873 1530 919; x_wconf 87' lang='lat' dir='ltr'>domino</span> <span class='ocrx_word' id='word_1_68' title='bbox 1551 892 1636 921; x_wconf 90' lang='lat' dir='ltr'>suo</span> 
     </span>
     <span class='ocr_line' id='line_1_10' title="bbox 223 946 1637 1008; baseline 0.006 -18"><span class='ocrx_word' id='word_1_69' title='bbox 223 955 302 991; x_wconf 87' lang='lat' dir='ltr'>aut</span> <span class='ocrx_word' id='word_1_70' title='bbox 321 946 396 1008; x_wconf 85' lang='lat' dir='ltr'>jus</span> <span class='ocrx_word' id='word_1_71' title='bbox 420 947 547 993; x_wconf 89' lang='lat' dir='ltr'>aliud</span> <span class='ocrx_word' id='word_1_72' title='bbox 576 947 793 1005; x_wconf 87' lang='lat' dir='ltr'>debetur,</span> <span class='ocrx_word' id='word_1_73' title='bbox 820 959 985 995; x_wconf 85' lang='lat' dir='ltr'>contra</span> <span class='ocrx_word' id='word_1_74' title='bbox 1012 949 1262 994; x_wconf 89' lang='lat' dir='ltr'>dominum</span> <span class='ocrx_word' id='word_1_75' title='bbox 1285 960 1365 995; x_wconf 89' lang='lat' dir='ltr'>aut</span> <span class='ocrx_word' id='word_1_76' title='bbox 1392 952 1637 998; x_wconf 84' lang='lat' dir='ltr'>concivem</span> 
     </span>
     <span class='ocr_line' id='line_1_11' title="bbox 223 1023 1680 1087; baseline 0.005 -20"><span class='ocrx_word' id='word_1_77' title='bbox 223 1038 301 1067; x_wconf 88' lang='lat' dir='ltr'>seu</span> <span class='ocrx_word' id='word_1_78' title='bbox 337 1023 546 1070; x_wconf 87' lang='lat' dir='ltr'>vicinum</span> <span class='ocrx_word' id='word_1_79' title='bbox 590 1042 727 1070; x_wconf 89' lang='lat' dir='ltr'>suum</span> <span class='ocrx_word' id='word_1_80' title='bbox 766 1025 927 1087; x_wconf 77' lang='lat' dir='ltr'>litiget,</span> <span class='ocrx_word' id='word_1_81' title='bbox 970 1036 1122 1071; x_wconf 90' lang='lat' dir='ltr'>certus</span> <span class='ocrx_word' id='word_1_82' title='bbox 1151 1025 1304 1087; x_wconf 86' lang='lat' dir='ltr'>quod,</span> <span class='ocrx_word' id='word_1_83' title='bbox 1337 1027 1420 1072; x_wconf 89' lang='lat' dir='ltr'>etsi</span> <span class='ocrx_word' id='word_1_84' title='bbox 1459 1028 1637 1075; x_wconf 88' lang='lat' dir='ltr'>nullam</span> <span class='ocrx_word' id='word_1_85' title='bbox 1678 1081 1680 1084; x_wconf 14' lang='lat' dir='ltr'>y</span> 
     </span>
     <span class='ocr_line' id='line_1_12' title="bbox 222 1099 1632 1165; baseline 0.004 -20"><span class='ocrx_word' id='word_1_86' title='bbox 222 1099 519 1163; x_wconf 81' lang='lat' dir='ltr'>probabilem</span> <span class='ocrx_word' id='word_1_87' title='bbox 543 1118 730 1148; x_wconf 83' lang='lat' dir='ltr'>causam</span> <span class='ocrx_word' id='word_1_88' title='bbox 750 1102 963 1165; x_wconf 80' lang='lat' dir='ltr'>litigandi</span> <span class='ocrx_word' id='word_1_89' title='bbox 986 1119 1095 1148; x_wconf 88' lang='lat' dir='ltr'>eum</span> <span class='ocrx_word' id='word_1_90' title='bbox 1118 1102 1337 1149; x_wconf 86' lang='lat' dir='ltr'>habuisse</span> <span class='ocrx_word' id='word_1_91' title='bbox 1359 1105 1632 1163; x_wconf 79' lang='lat' dir='ltr'>constiterit,</span> 
     </span>
     <span class='ocr_line' id='line_1_13' title="bbox 222 1176 1631 1244; baseline 0.004 -23"><span class='ocrx_word' id='word_1_92' title='bbox 222 1176 340 1223; x_wconf 88' lang='lat' dir='ltr'>liber</span> <span class='ocrx_word' id='word_1_93' title='bbox 373 1188 532 1224; x_wconf 89' lang='lat' dir='ltr'>tamen</span> <span class='ocrx_word' id='word_1_94' title='bbox 565 1179 776 1225; x_wconf 90' lang='lat' dir='ltr'>manebit</span> <span class='ocrx_word' id='word_1_95' title='bbox 809 1196 836 1226; x_wconf 90' lang='lat' dir='ltr'>a</span> <span class='ocrx_word' id='word_1_96' title='bbox 869 1180 1268 1226; x_wconf 75' lang='lat' dir='ltr'>condemnatione</span> <span class='ocrx_word' id='word_1_97' title='bbox 1305 1197 1631 1244; x_wconf 84' lang='lat' dir='ltr'>expensarum.</span> 
     </span>
     <span class='ocr_line' id='line_1_14' title="bbox 222 1255 1637 1319; baseline 0.004 -21"><span class='ocrx_word' id='word_1_98' title='bbox 222 1256 287 1298; x_wconf 87' lang='lat' dir='ltr'>Ex</span> <span class='ocrx_word' id='word_1_99' title='bbox 315 1270 411 1316; x_wconf 92' lang='lat' dir='ltr'>quo</span> <span class='ocrx_word' id='word_1_100' title='bbox 444 1255 607 1301; x_wconf 88' lang='lat' dir='ltr'>dietim</span> <span class='ocrx_word' id='word_1_101' title='bbox 639 1256 795 1301; x_wconf 87' lang='lat' dir='ltr'>evenit</span> <span class='ocrx_word' id='word_1_102' title='bbox 826 1267 900 1313; x_wconf 84' lang='lat' dir='ltr'>ut,</span> <span class='ocrx_word' id='word_1_103' title='bbox 928 1258 965 1302; x_wconf 93' lang='lat' dir='ltr'>si</span> <span class='ocrx_word' id='word_1_104' title='bbox 988 1257 1092 1319; x_wconf 88' lang='lat' dir='ltr'>quis</span> <span class='ocrx_word' id='word_1_105' title='bbox 1117 1273 1309 1302; x_wconf 89' lang='lat' dir='ltr'>censum</span> <span class='ocrx_word' id='word_1_106' title='bbox 1341 1258 1478 1302; x_wconf 86' lang='lat' dir='ltr'>unius</span> <span class='ocrx_word' id='word_1_107' title='bbox 1501 1258 1637 1304; x_wconf 90' lang='lat' dir='ltr'>solidi</span> 
     </span>
     <span class='ocr_line' id='line_1_15' title="bbox 222 1333 1633 1398; baseline 0.004 -22"><span class='ocrx_word' id='word_1_108' title='bbox 222 1333 444 1395; x_wconf 78' lang='lat' dir='ltr'>prosequi</span> <span class='ocrx_word' id='word_1_109' title='bbox 464 1333 690 1395; x_wconf 85' lang='lat' dir='ltr'>litigando</span> <span class='ocrx_word' id='word_1_110' title='bbox 709 1334 925 1393; x_wconf 81' lang='lat' dir='ltr'>voluerit,</span> <span class='ocrx_word' id='word_1_111' title='bbox 951 1351 1058 1380; x_wconf 90' lang='lat' dir='ltr'>cum</span> <span class='ocrx_word' id='word_1_112' title='bbox 1077 1334 1234 1398; x_wconf 63' lang='lat' dir='ltr'>pan-ize</span> <span class='ocrx_word' id='word_1_113' title='bbox 1251 1334 1633 1396; x_wconf 83' lang='lat' dir='ltr'>consuetudines,</span> 
     </span>
     <span class='ocr_line' id='line_1_16' title="bbox 222 1412 1637 1477; baseline 0.002 -20"><span class='ocrx_word' id='word_1_114' title='bbox 222 1421 267 1456; x_wconf 89' lang='lat' dir='ltr'>et</span> <span class='ocrx_word' id='word_1_115' title='bbox 289 1413 528 1474; x_wconf 76' lang='lat' dir='ltr'>potissime</span> <span class='ocrx_word' id='word_1_116' title='bbox 545 1412 629 1458; x_wconf 84' lang='lat' dir='ltr'>ubi</span> <span class='ocrx_word' id='word_1_117' title='bbox 650 1414 856 1458; x_wconf 86' lang='lat' dir='ltr'>ostensio</span> <span class='ocrx_word' id='word_1_118' title='bbox 882 1430 962 1459; x_wconf 89' lang='lat' dir='ltr'>seu</span> <span class='ocrx_word' id='word_1_119' title='bbox 982 1413 1208 1459; x_wconf 79' lang='lat' dir='ltr'>exhibitio</span> <span class='ocrx_word' id='word_1_120' title='bbox 1228 1414 1444 1459; x_wconf 88' lang='lat' dir='ltr'>locorum</span> <span class='ocrx_word' id='word_1_121' title='bbox 1465 1415 1637 1477; x_wconf 90' lang='lat' dir='ltr'>petitur</span> 
     </span>
     <span class='ocr_line' id='line_1_17' title="bbox 225 1489 1636 1552; baseline 0.004 -20"><span class='ocrx_word' id='word_1_122' title='bbox 225 1489 650 1550; x_wconf 81' lang='lat' dir='ltr'>(quemadmodum</span> <span class='ocrx_word' id='word_1_123' title='bbox 676 1492 946 1552; x_wconf 79' lang='lat' dir='ltr'>regulariter</span> <span class='ocrx_word' id='word_1_124' title='bbox 966 1492 1013 1537; x_wconf 92' lang='lat' dir='ltr'>in</span> <span class='ocrx_word' id='word_1_125' title='bbox 1045 1491 1266 1537; x_wconf 88' lang='lat' dir='ltr'>omnibus</span> <span class='ocrx_word' id='word_1_126' title='bbox 1292 1490 1463 1537; x_wconf 89' lang='lat' dir='ltr'>talibus</span> <span class='ocrx_word' id='word_1_127' title='bbox 1487 1493 1636 1538; x_wconf 89' lang='lat' dir='ltr'>causis</span> 
     </span>
     <span class='ocr_line' id='line_1_18' title="bbox 224 1564 1632 1628; baseline 0.003 -19"><span class='ocrx_word' id='word_1_128' title='bbox 224 1564 321 1610; x_wconf 86' lang='lat' dir='ltr'>fieri</span> <span class='ocrx_word' id='word_1_129' title='bbox 344 1566 501 1627; x_wconf 80' lang='lat' dir='ltr'>solet),</span> <span class='ocrx_word' id='word_1_130' title='bbox 520 1567 621 1611; x_wconf 87' lang='lat' dir='ltr'>lites</span> <span class='ocrx_word' id='word_1_131' title='bbox 640 1577 719 1611; x_wconf 89' lang='lat' dir='ltr'>aut</span> <span class='ocrx_word' id='word_1_132' title='bbox 738 1568 1034 1628; x_wconf 78' lang='lat' dir='ltr'>longissimas</span> <span class='ocrx_word' id='word_1_133' title='bbox 1050 1568 1220 1613; x_wconf 85' lang='lat' dir='ltr'>saciant</span> <span class='ocrx_word' id='word_1_134' title='bbox 1233 1577 1313 1613; x_wconf 91' lang='lat' dir='ltr'>aut</span> <span class='ocrx_word' id='word_1_135' title='bbox 1328 1568 1632 1627; x_wconf 85' lang='lat' dir='ltr'>immortales,</span> 
     </span>
    </p>
   </div>
   <div class='ocr_carea' id='block_1_3' title="bbox 222 1642 1636 1775">
    <p class='ocr_par' dir='ltr' id='par_1_3' title="bbox 222 1642 1636 1775">
     <span class='ocr_line' id='line_1_19' title="bbox 222 1642 1634 1707; baseline 0.002 -21"><span class='ocrx_word' id='word_1_136' title='bbox 222 1651 362 1703; x_wconf 90' lang='lat' dir='ltr'>atque</span> <span class='ocrx_word' id='word_1_137' title='bbox 387 1642 643 1687; x_wconf 84' lang='lat' dir='ltr'>diutissime</span> <span class='ocrx_word' id='word_1_138' title='bbox 663 1653 938 1705; x_wconf 88' lang='lat' dir='ltr'>prosecutus</span> <span class='ocrx_word' id='word_1_139' title='bbox 956 1659 1145 1689; x_wconf 82' lang='lat' dir='ltr'>causam</span> <span class='ocrx_word' id='word_1_140' title='bbox 1166 1659 1315 1700; x_wconf 88' lang='lat' dir='ltr'>suam,</span> <span class='ocrx_word' id='word_1_141' title='bbox 1337 1643 1527 1689; x_wconf 86' lang='lat' dir='ltr'>tandem</span> <span class='ocrx_word' id='word_1_142' title='bbox 1548 1661 1634 1707; x_wconf 89' lang='lat' dir='ltr'>pro</span> 
     </span>
     <span class='ocr_line' id='line_1_20' title="bbox 222 1715 1636 1775; baseline 0.002 -16"><span class='ocrx_word' id='word_1_143' title='bbox 222 1732 269 1760; x_wconf 92' lang='lat' dir='ltr'>se</span> <span class='ocrx_word' id='word_1_144' title='bbox 293 1717 573 1761; x_wconf 85' lang='lat' dir='ltr'>sententiam</span> <span class='ocrx_word' id='word_1_145' title='bbox 597 1715 880 1775; x_wconf 84' lang='lat' dir='ltr'>obtinuerit,</span> <span class='ocrx_word' id='word_1_146' title='bbox 913 1734 1021 1762; x_wconf 89' lang='lat' dir='ltr'>cum</span> <span class='ocrx_word' id='word_1_147' title='bbox 1051 1717 1188 1761; x_wconf 70' lang='lat' dir='ltr'>nullae</span> <span class='ocrx_word' id='word_1_148' title='bbox 1211 1716 1299 1761; x_wconf 90' lang='lat' dir='ltr'>sibi</span> <span class='ocrx_word' id='word_1_149' title='bbox 1326 1717 1636 1763; x_wconf 86' lang='lat' dir='ltr'>refundantur</span> 
     </span>
    </p>
   </div>
   <div class='ocr_carea' id='block_1_4' title="bbox 221 1792 1637 2452">
    <p class='ocr_par' dir='ltr' id='par_1_4' title="bbox 221 1792 1637 2452">
     <span class='ocr_line' id='line_1_21' title="bbox 221 1792 1636 1855; baseline 0.002 -19"><span class='ocrx_word' id='word_1_150' title='bbox 221 1807 452 1854; x_wconf 67' lang='lat' dir='ltr'>expensw,</span> <span class='ocrx_word' id='word_1_151' title='bbox 480 1792 611 1837; x_wconf 87' lang='lat' dir='ltr'>illum</span> <span class='ocrx_word' id='word_1_152' title='bbox 649 1792 767 1837; x_wconf 89' lang='lat' dir='ltr'>tanti</span> <span class='ocrx_word' id='word_1_153' title='bbox 799 1792 965 1838; x_wconf 88' lang='lat' dir='ltr'>emerit</span> <span class='ocrx_word' id='word_1_154' title='bbox 986 1792 1149 1853; x_wconf 87' lang='lat' dir='ltr'>quanti</span> <span class='ocrx_word' id='word_1_155' title='bbox 1180 1792 1345 1837; x_wconf 86' lang='lat' dir='ltr'>decem</span> <span class='ocrx_word' id='word_1_156' title='bbox 1378 1793 1449 1838; x_wconf 91' lang='lat' dir='ltr'>vel</span> <span class='ocrx_word' id='word_1_157' title='bbox 1474 1794 1636 1855; x_wconf 85' lang='lat' dir='ltr'>viginti</span> 
     </span>
     <span class='ocr_line' id='line_1_22' title="bbox 226 1867 1632 1933; baseline 0.002 -21"><span class='ocrx_word' id='word_1_158' title='bbox 226 1868 360 1913; x_wconf 89' lang='lat' dir='ltr'>initio</span> <span class='ocrx_word' id='word_1_159' title='bbox 399 1868 491 1913; x_wconf 88' lang='lat' dir='ltr'>litis</span> <span class='ocrx_word' id='word_1_160' title='bbox 531 1869 589 1914; x_wconf 87' lang='lat' dir='ltr'>de</span> <span class='ocrx_word' id='word_1_161' title='bbox 628 1868 863 1932; x_wconf 78' lang='lat' dir='ltr'>pecuniis,</span> <span class='ocrx_word' id='word_1_162' title='bbox 904 1884 1021 1930; x_wconf 91' lang='lat' dir='ltr'>quas</span> <span class='ocrx_word' id='word_1_163' title='bbox 1055 1867 1279 1930; x_wconf 86' lang='lat' dir='ltr'>litigando</span> <span class='ocrx_word' id='word_1_164' title='bbox 1315 1870 1632 1933; x_wconf 88' lang='lat' dir='ltr'>consumpsit,</span> 
     </span>
     <span class='ocr_line' id='line_1_23' title="bbox 222 1946 1637 2011; baseline 0.002 -21"><span class='ocrx_word' id='word_1_165' title='bbox 222 1962 376 1990; x_wconf 88' lang='lat' dir='ltr'>emere</span> <span class='ocrx_word' id='word_1_166' title='bbox 396 1947 646 2009; x_wconf 81' lang='lat' dir='ltr'>potuisset3</span> <span class='ocrx_word' id='word_1_167' title='bbox 670 1956 713 1991; x_wconf 90' lang='lat' dir='ltr'>et</span> <span class='ocrx_word' id='word_1_168' title='bbox 735 1947 816 2004; x_wconf 73' lang='lat' dir='ltr'>sic,</span> <span class='ocrx_word' id='word_1_169' title='bbox 841 1963 951 1992; x_wconf 91' lang='lat' dir='ltr'>cum</span> <span class='ocrx_word' id='word_1_170' title='bbox 968 1946 1116 1991; x_wconf 90' lang='lat' dir='ltr'>victor</span> <span class='ocrx_word' id='word_1_171' title='bbox 1131 1963 1228 1991; x_wconf 89' lang='lat' dir='ltr'>esse</span> <span class='ocrx_word' id='word_1_172' title='bbox 1246 1956 1435 2010; x_wconf 88' lang='lat' dir='ltr'>putetur</span> <span class='ocrx_word' id='word_1_173' title='bbox 1446 1947 1530 2009; x_wconf 82' lang='lat' dir='ltr'>(uti</span> <span class='ocrx_word' id='word_1_174' title='bbox 1552 1964 1637 2011; x_wconf 91' lang='lat' dir='ltr'>par</span> 
     </span>
     <span class='ocr_line' id='line_1_24' title="bbox 222 2023 1634 2087; baseline 0.004 -21"><span class='ocrx_word' id='word_1_175' title='bbox 222 2023 376 2083; x_wconf 74' lang='lat' dir='ltr'>esset),</span> <span class='ocrx_word' id='word_1_176' title='bbox 416 2023 564 2069; x_wconf 73' lang='lat' dir='ltr'>victus</span> <span class='ocrx_word' id='word_1_177' title='bbox 594 2034 751 2069; x_wconf 86' lang='lat' dir='ltr'>tamen</span> <span class='ocrx_word' id='word_1_178' title='bbox 790 2024 1183 2087; x_wconf 85' lang='lat' dir='ltr'>perniciosissime</span> <span class='ocrx_word' id='word_1_179' title='bbox 1217 2034 1262 2070; x_wconf 91' lang='lat' dir='ltr'>et</span> <span class='ocrx_word' id='word_1_180' title='bbox 1298 2041 1406 2069; x_wconf 89' lang='lat' dir='ltr'>cum</span> <span class='ocrx_word' id='word_1_181' title='bbox 1429 2026 1634 2071; x_wconf 78' lang='lat' dir='ltr'>maximo</span> 
     </span>
     <span class='ocr_line' id='line_1_25' title="bbox 222 2098 1634 2147; baseline 0.004 -6"><span class='ocrx_word' id='word_1_182' title='bbox 222 2098 292 2142; x_wconf 90' lang='lat' dir='ltr'>sui</span> <span class='ocrx_word' id='word_1_183' title='bbox 336 2098 619 2145; x_wconf 86' lang='lat' dir='ltr'>detrimento</span> <span class='ocrx_word' id='word_1_184' title='bbox 660 2109 902 2145; x_wconf 86' lang='lat' dir='ltr'>remaneat</span> <span class='ocrx_word' id='word_1_185' title='bbox 940 2117 948 2144; x_wconf 94' lang='lat'><strong>:</strong></span> <span class='ocrx_word' id='word_1_186' title='bbox 995 2101 1201 2145; x_wconf 87' lang='lat' dir='ltr'>lucretur</span> <span class='ocrx_word' id='word_1_187' title='bbox 1243 2117 1392 2145; x_wconf 89' lang='lat' dir='ltr'>unum</span> <span class='ocrx_word' id='word_1_188' title='bbox 1431 2101 1634 2147; x_wconf 86' lang='lat' dir='ltr'>solidum</span> 
     </span>
     <span class='ocr_line' id='line_1_26' title="bbox 222 2177 1635 2242; baseline 0.005 -24"><span class='ocrx_word' id='word_1_189' title='bbox 222 2190 411 2235; x_wconf 76' lang='lat' dir='ltr'>census,</span> <span class='ocrx_word' id='word_1_190' title='bbox 439 2193 526 2239; x_wconf 89' lang='lat' dir='ltr'>pro</span> <span class='ocrx_word' id='word_1_191' title='bbox 550 2193 646 2239; x_wconf 91' lang='lat' dir='ltr'>quo</span> <span class='ocrx_word' id='word_1_192' title='bbox 671 2177 826 2222; x_wconf 84' lang='lat' dir='ltr'>forsan</span> <span class='ocrx_word' id='word_1_193' title='bbox 853 2179 1065 2222; x_wconf 89' lang='lat' dir='ltr'>centum¹</span> <span class='ocrx_word' id='word_1_194' title='bbox 1092 2186 1172 2222; x_wconf 88' lang='lat' dir='ltr'>aut</span> <span class='ocrx_word' id='word_1_195' title='bbox 1198 2178 1397 2241; x_wconf 86' lang='lat' dir='ltr'>amplius</span> <span class='ocrx_word' id='word_1_196' title='bbox 1420 2179 1635 2242; x_wconf 88' lang='lat' dir='ltr'>perdide·</span> 
     </span>
     <span class='ocr_line' id='line_1_27' title="bbox 223 2252 1634 2318; baseline 0.004 -22"><span class='ocrx_word' id='word_1_197' title='bbox 223 2252 297 2311; x_wconf 79' lang='lat' dir='ltr'>rit,</span> <span class='ocrx_word' id='word_1_198' title='bbox 322 2262 367 2297; x_wconf 91' lang='lat' dir='ltr'>et</span> <span class='ocrx_word' id='word_1_199' title='bbox 387 2252 486 2298; x_wconf 70' lang='lat' dir='ltr'>haec</span> <span class='ocrx_word' id='word_1_200' title='bbox 510 2252 622 2300; x_wconf 86' lang='lat' dir='ltr'>dolo</span> <span class='ocrx_word' id='word_1_201' title='bbox 646 2264 692 2300; x_wconf 89' lang='lat' dir='ltr'>et</span> <span class='ocrx_word' id='word_1_202' title='bbox 715 2254 923 2316; x_wconf 81' lang='lat' dir='ltr'>nequitia</span> <span class='ocrx_word' id='word_1_203' title='bbox 940 2253 1190 2300; x_wconf 85' lang='lat' dir='ltr'>adversarii</span> <span class='ocrx_word' id='word_1_204' title='bbox 1209 2264 1288 2301; x_wconf 91' lang='lat' dir='ltr'>aut</span> <span class='ocrx_word' id='word_1_205' title='bbox 1309 2255 1471 2300; x_wconf 87' lang='lat' dir='ltr'>saltem</span> <span class='ocrx_word' id='word_1_206' title='bbox 1492 2256 1634 2318; x_wconf 88' lang='lat' dir='ltr'>ipsius</span> 
     </span>
     <span class='ocr_line' id='line_1_28' title="bbox 223 2331 1634 2392; baseline 0.003 -18"><span class='ocrx_word' id='word_1_207' title='bbox 223 2331 502 2390; x_wconf 86' lang='lat' dir='ltr'>temeritate,</span> <span class='ocrx_word' id='word_1_208' title='bbox 541 2348 644 2392; x_wconf 81' lang='lat' dir='ltr'>quae</span> <span class='ocrx_word' id='word_1_209' title='bbox 677 2342 800 2378; x_wconf 88' lang='lat' dir='ltr'>certe</span> <span class='ocrx_word' id='word_1_210' title='bbox 831 2332 993 2377; x_wconf 88' lang='lat' dir='ltr'>victori</span> <span class='ocrx_word' id='word_1_211' title='bbox 1031 2331 1260 2378; x_wconf 88' lang='lat' dir='ltr'>damnosa</span> <span class='ocrx_word' id='word_1_212' title='bbox 1295 2348 1391 2377; x_wconf 90' lang='lat' dir='ltr'>esse</span> <span class='ocrx_word' id='word_1_213' title='bbox 1429 2349 1526 2378; x_wconf 88' lang='lat' dir='ltr'>non</span> <span class='ocrx_word' id='word_1_214' title='bbox 1551 2333 1634 2378; x_wconf 90' lang='lat' dir='ltr'>de-</span> 
     </span>
     <span class='ocr_line' id='line_1_29' title="bbox 223 2406 370 2452; baseline 0.007 -1"><span class='ocrx_word' id='word_1_215' title='bbox 223 2406 370 2452; x_wconf 81' lang='lat' dir='ltr'>beret.</span> 
     </span>
    </p>
   </div>
   <div class='ocr_carea' id='block_1_5' title="bbox 222 2543 1625 2783">
    <p class='ocr_par' dir='ltr' id='par_1_5' title="bbox 222 2543 1625 2783">
     <span class='ocr_line' id='line_1_30' title="bbox 279 2543 1625 2594; baseline 0.003 -15"><span class='ocrx_word' id='word_1_216' title='bbox 279 2546 312 2579; x_wconf 72' lang='lat'>1.</span> <span class='ocrx_word' id='word_1_217' title='bbox 348 2546 397 2580; x_wconf 89' lang='lat' dir='ltr'>Ce</span> <span class='ocrx_word' id='word_1_218' title='bbox 426 2543 561 2580; x_wconf 89' lang='lat' dir='ltr'>chissre</span> <span class='ocrx_word' id='word_1_219' title='bbox 586 2543 632 2580; x_wconf 88' lang='lat' dir='ltr'>de</span> <span class='ocrx_word' id='word_1_220' title='bbox 652 2552 736 2580; x_wconf 84' lang='lat' dir='ltr'>cent</span> <span class='ocrx_word' id='word_1_221' title='bbox 762 2556 849 2580; x_wconf 84' lang='lat' dir='ltr'>sous</span> <span class='ocrx_word' id='word_1_222' title='bbox 880 2544 1112 2594; x_wconf 83' lang='lat' dir='ltr'>correspond</span> <span class='ocrx_word' id='word_1_223' title='bbox 1132 2558 1178 2580; x_wconf 83' lang='lat' dir='ltr'>au</span> <span class='ocrx_word' id='word_1_224' title='bbox 1203 2545 1368 2593; x_wconf 79' lang='lat' dir='ltr'>premier</span> <span class='ocrx_word' id='word_1_225' title='bbox 1389 2553 1507 2582; x_wconf 87' lang='lat' dir='ltr'>terme</span> <span class='ocrx_word' id='word_1_226' title='bbox 1527 2546 1625 2583; x_wconf 86' lang='lat' dir='ltr'>dela</span> 
     </span>
     <span class='ocr_line' id='line_1_31' title="bbox 224 2605 1622 2657; baseline 0.002 -16"><span class='ocrx_word' id='word_1_227' title='bbox 224 2606 458 2656; x_wconf 58' lang='lat' dir='ltr'>suppositiou</span> <span class='ocrx_word' id='word_1_228' title='bbox 484 2606 572 2642; x_wconf 82' lang='lat' dir='ltr'>saite</span> <span class='ocrx_word' id='word_1_229' title='bbox 604 2605 697 2642; x_wconf 81' lang='lat' dir='ltr'>dans</span> <span class='ocrx_word' id='word_1_230' title='bbox 730 2606 764 2642; x_wconf 85' lang='lat' dir='ltr'>le</span> <span class='ocrx_word' id='word_1_231' title='bbox 788 2605 958 2643; x_wconf 85' lang='lat' dir='ltr'>membre</span> <span class='ocrx_word' id='word_1_232' title='bbox 978 2606 1024 2641; x_wconf 79' lang='lat' dir='ltr'>dc</span> <span class='ocrx_word' id='word_1_233' title='bbox 1045 2606 1182 2656; x_wconf 82' lang='lat' dir='ltr'>phrase</span> <span class='ocrx_word' id='word_1_234' title='bbox 1200 2606 1428 2656; x_wconf 74' lang='lat' dir='ltr'>precedent,</span> <span class='ocrx_word' id='word_1_235' title='bbox 1454 2627 1469 2640; x_wconf 88' lang='lat'>«</span> <span class='ocrx_word' id='word_1_236' title='bbox 1495 2609 1622 2657; x_wconf 84' lang='lat' dir='ltr'>quanti</span> 
     </span>
     <span class='ocr_line' id='line_1_32' title="bbox 222 2668 1624 2721; baseline 0.004 -19"><span class='ocrx_word' id='word_1_237' title='bbox 222 2671 344 2704; x_wconf 65' lang='lat' dir='ltr'>cler-em</span> <span class='ocrx_word' id='word_1_238' title='bbox 375 2670 435 2706; x_wconf 70' lang='lat' dir='ltr'>rel</span> <span class='ocrx_word' id='word_1_239' title='bbox 468 2668 601 2719; x_wconf 75' lang='lat' dir='ltr'>viginti</span> <span class='ocrx_word' id='word_1_240' title='bbox 629 2681 756 2705; x_wconf 86' lang='lat' dir='ltr'>emere</span> <span class='ocrx_word' id='word_1_241' title='bbox 774 2670 970 2719; x_wconf 82' lang='lat' dir='ltr'>potuisset.</span> <span class='ocrx_word' id='word_1_242' title='bbox 996 2686 1012 2703; x_wconf 66' lang='lat' dir='ltr'><strong>n</strong></span> <span class='ocrx_word' id='word_1_243' title='bbox 1038 2673 1108 2707; x_wconf 80' lang='lat' dir='ltr'>Les</span> <span class='ocrx_word' id='word_1_244' title='bbox 1136 2683 1224 2707; x_wconf 71' lang='lat' dir='ltr'>cens</span> <span class='ocrx_word' id='word_1_245' title='bbox 1250 2684 1296 2707; x_wconf 86' lang='lat' dir='ltr'>au</span> <span class='ocrx_word' id='word_1_246' title='bbox 1320 2678 1382 2706; x_wconf 76' lang='lat' dir='ltr'>xv·</span> <span class='ocrx_word' id='word_1_247' title='bbox 1403 2671 1515 2707; x_wconf 72' lang='lat' dir='ltr'>siecle</span> <span class='ocrx_word' id='word_1_248' title='bbox 1533 2685 1624 2721; x_wconf 82' lang='lat' dir='ltr'>rap-</span> 
     </span>
     <span class='ocr_line' id='line_1_33' title="bbox 225 2731 1576 2783; baseline 0.004 -18"><span class='ocrx_word' id='word_1_249' title='bbox 225 2731 406 2778; x_wconf 78' lang='lat' dir='ltr'>portaient</span> <span class='ocrx_word' id='word_1_250' title='bbox 430 2745 474 2769; x_wconf 82' lang='lat' dir='ltr'>en</span> <span class='ocrx_word' id='word_1_251' title='bbox 501 2745 689 2780; x_wconf 83' lang='lat' dir='ltr'>moyenm·</span> <span class='ocrx_word' id='word_1_252' title='bbox 711 2734 759 2769; x_wconf 80' lang='lat'>10</span> <span class='ocrx_word' id='word_1_253' title='bbox 780 2745 877 2781; x_wconf 81' lang='lat' dir='ltr'>pour</span> <span class='ocrx_word' id='word_1_254' title='bbox 898 2735 972 2768; x_wconf 54' lang='grc' dir='ltr'>Χ100</span> <span class='ocrx_word' id='word_1_255' title='bbox 994 2733 1042 2769; x_wconf 83' lang='lat' dir='ltr'>du</span> <span class='ocrx_word' id='word_1_256' title='bbox 1065 2733 1148 2783; x_wconf 79' lang='lat' dir='ltr'>prix</span> <span class='ocrx_word' id='word_1_257' title='bbox 1169 2734 1215 2771; x_wconf 83' lang='lat' dir='ltr'>de</span> <span class='ocrx_word' id='word_1_258' title='bbox 1239 2734 1320 2771; x_wconf 84' lang='lat' dir='ltr'>leur</span> <span class='ocrx_word' id='word_1_259' title='bbox 1341 2734 1576 2782; x_wconf 73' lang='lat' dir='ltr'>acquisition.</span> 
     </span>
    </p>
   </div>
  </div>
 </body>
</html>
