<?xml version="1.0" encoding="UTF-8"?>
<!DOCTYPE html PUBLIC "-//W3C//DTD XHTML 1.0 Transitional//EN"
    "http://www.w3.org/TR/xhtml1/DTD/xhtml1-transitional.dtd">
<html xmlns="http://www.w3.org/1999/xhtml" xml:lang="en" lang="en">
 <head>
  <title>
</title>
<meta http-equiv="Content-Type" content="text/html;charset=utf-8" />
  <meta name='ocr-system' content='tesseract 3.04.00' />
  <meta name='ocr-capabilities' content='ocr_page ocr_carea ocr_par ocr_line ocrx_word'/>
</head>
<body>
  <div class='ocr_page' id='page_1' title='image "./histoiredesrgn03basi_0210.png"; bbox 0 0 1875 2956; ppageno 0'>
   <div class='ocr_carea' id='block_1_1' title="bbox 270 210 1313 246">
    <p class='ocr_par' dir='ltr' id='par_1_1' title="bbox 270 210 1313 246">
     <span class='ocr_line' id='line_1_1' title="bbox 270 210 1313 246; baseline 0 0"><span class='ocrx_word' id='word_1_1' title='bbox 270 212 343 246; x_wconf 69' lang='lat'>¹58</span> <span class='ocrx_word' id='word_1_2' title='bbox 628 210 970 246; x_wconf 73' lang='lat' dir='ltr'>HISTORIARUM</span> <span class='ocrx_word' id='word_1_3' title='bbox 999 211 1232 246; x_wconf 82' lang='lat' dir='ltr'><strong>LUDOVICI</strong></span> <span class='ocrx_word' id='word_1_4' title='bbox 1260 212 1313 246; x_wconf 85' lang='lat' dir='ltr'>XI</span> 
     </span>
    </p>
   </div>
   <div class='ocr_carea' id='block_1_2' title="bbox 264 295 1678 2589">
    <p class='ocr_par' dir='ltr' id='par_1_2' title="bbox 267 295 1673 573">
     <span class='ocr_line' id='line_1_2' title="bbox 268 295 1671 360; baseline 0.001 -18"><span class='ocrx_word' id='word_1_5' title='bbox 268 297 562 343; x_wconf 78' lang='lat' dir='ltr'>conditiones</span> <span class='ocrx_word' id='word_1_6' title='bbox 599 297 806 357; x_wconf 72' lang='lat' dir='ltr'>gratiosae</span> <span class='ocrx_word' id='word_1_7' title='bbox 848 295 1236 341; x_wconf 78' lang='lat' dir='ltr'>concederentur.</span> <span class='ocrx_word' id='word_1_8' title='bbox 1275 299 1331 341; x_wconf 87' lang='lat' dir='ltr'>Et</span> <span class='ocrx_word' id='word_1_9' title='bbox 1369 314 1446 344; x_wconf 88' lang='lat' dir='ltr'>eas</span> <span class='ocrx_word' id='word_1_10' title='bbox 1481 298 1671 360; x_wconf 88' lang='lat' dir='ltr'>quidem</span> 
     </span>
     <span class='ocr_line' id='line_1_3' title="bbox 267 372 1670 436; baseline 0.001 -17"><span class='ocrx_word' id='word_1_11' title='bbox 267 372 653 419; x_wconf 84' lang='lat' dir='ltr'>clementissimus</span> <span class='ocrx_word' id='word_1_12' title='bbox 700 373 917 436; x_wconf 79' lang='lat' dir='ltr'>princeps</span> <span class='ocrx_word' id='word_1_13' title='bbox 977 372 1234 431; x_wconf 78' lang='lat' dir='ltr'>concessit3</span> <span class='ocrx_word' id='word_1_14' title='bbox 1292 372 1459 434; x_wconf 87' lang='lat' dir='ltr'>adjecit</span> <span class='ocrx_word' id='word_1_15' title='bbox 1516 384 1670 420; x_wconf 87' lang='lat' dir='ltr'>tamen</span> 
     </span>
     <span class='ocr_line' id='line_1_4' title="bbox 268 449 1673 513; baseline 0.001 -17"><span class='ocrx_word' id='word_1_16' title='bbox 268 452 423 513; x_wconf 83' lang='lat' dir='ltr'>aliqua</span> <span class='ocrx_word' id='word_1_17' title='bbox 444 451 563 495; x_wconf 80' lang='lat' dir='ltr'>ultra</span> <span class='ocrx_word' id='word_1_18' title='bbox 591 450 709 508; x_wconf 66' lang='lat' dir='ltr'>hacc,</span> <span class='ocrx_word' id='word_1_19' title='bbox 734 466 835 511; x_wconf 67' lang='lat' dir='ltr'>quat·</span> <span class='ocrx_word' id='word_1_20' title='bbox 856 450 978 495; x_wconf 86' lang='lat' dir='ltr'>cives</span> <span class='ocrx_word' id='word_1_21' title='bbox 1002 449 1205 512; x_wconf 78' lang='lat' dir='ltr'>perferre</span> <span class='ocrx_word' id='word_1_22' title='bbox 1228 465 1371 495; x_wconf 86' lang='lat' dir='ltr'>onera</span> <span class='ocrx_word' id='word_1_23' title='bbox 1394 466 1447 496; x_wconf 88' lang='lat' dir='ltr'>ac</span> <span class='ocrx_word' id='word_1_24' title='bbox 1475 452 1673 499; x_wconf 88' lang='lat' dir='ltr'>tolerare</span> 
     </span>
     <span class='ocr_line' id='line_1_5' title="bbox 269 527 512 573; baseline -0.016 0"><span class='ocrx_word' id='word_1_25' title='bbox 269 527 512 573; x_wconf 88' lang='lat' dir='ltr'>deberent.</span> 
     </span>
    </p>

    <p class='ocr_par' dir='ltr' id='par_1_3' title="bbox 264 600 1677 1342">
     <span class='ocr_line' id='line_1_6' title="bbox 333 600 1674 661; baseline 0.002 -13"><span class='ocrx_word' id='word_1_26' title='bbox 333 608 445 661; x_wconf 63' lang='lat' dir='ltr'>Qua*</span> <span class='ocrx_word' id='word_1_27' title='bbox 479 619 586 647; x_wconf 83' lang='lat' dir='ltr'>cum</span> <span class='ocrx_word' id='word_1_28' title='bbox 617 619 713 649; x_wconf 88' lang='lat' dir='ltr'>non</span> <span class='ocrx_word' id='word_1_29' title='bbox 742 603 865 650; x_wconf 81' lang='lat' dir='ltr'>sactu</span> <span class='ocrx_word' id='word_1_30' title='bbox 896 602 1103 649; x_wconf 79' lang='lat' dir='ltr'>difficilia</span> <span class='ocrx_word' id='word_1_31' title='bbox 1135 619 1220 648; x_wconf 93' lang='lat' dir='ltr'>nec</span> <span class='ocrx_word' id='word_1_32' title='bbox 1249 600 1367 648; x_wconf 88' lang='lat' dir='ltr'>dura</span> <span class='ocrx_word' id='word_1_33' title='bbox 1391 602 1587 650; x_wconf 89' lang='lat' dir='ltr'>nimium</span> <span class='ocrx_word' id='word_1_34' title='bbox 1609 606 1674 651; x_wconf 88' lang='lat' dir='ltr'>eis</span> 
     </span>
     <span class='ocr_line' id='line_1_7' title="bbox 267 680 1672 745; baseline 0 -18"><span class='ocrx_word' id='word_1_35' title='bbox 267 682 551 740; x_wconf 78' lang='lat' dir='ltr'>viderentur,</span> <span class='ocrx_word' id='word_1_36' title='bbox 586 697 639 726; x_wconf 86' lang='lat' dir='ltr'>ea</span> <span class='ocrx_word' id='word_1_37' title='bbox 669 698 716 727; x_wconf 92' lang='lat' dir='ltr'>se</span> <span class='ocrx_word' id='word_1_38' title='bbox 749 682 1024 745; x_wconf 85' lang='lat' dir='ltr'>impleturos</span> <span class='ocrx_word' id='word_1_39' title='bbox 1055 680 1443 744; x_wconf 75' lang='lat' dir='ltr'>spoponderunt,</span> <span class='ocrx_word' id='word_1_40' title='bbox 1469 691 1514 726; x_wconf 91' lang='lat' dir='ltr'>et</span> <span class='ocrx_word' id='word_1_41' title='bbox 1543 684 1672 744; x_wconf 89' lang='lat' dir='ltr'>quasi</span> 
     </span>
     <span class='ocr_line' id='line_1_8' title="bbox 268 758 1673 822; baseline 0 -18"><span class='ocrx_word' id='word_1_42' title='bbox 268 777 362 805; x_wconf 82' lang='lat' dir='ltr'>non</span> <span class='ocrx_word' id='word_1_43' title='bbox 411 758 703 820; x_wconf 82' lang='lat' dir='ltr'>ambigerent</span> <span class='ocrx_word' id='word_1_44' title='bbox 749 759 807 804; x_wconf 89' lang='lat' dir='ltr'>de</span> <span class='ocrx_word' id='word_1_45' title='bbox 851 775 1084 804; x_wconf 88' lang='lat' dir='ltr'>consensu</span> <span class='ocrx_word' id='word_1_46' title='bbox 1119 758 1321 817; x_wconf 79' lang='lat' dir='ltr'>civium,</span> <span class='ocrx_word' id='word_1_47' title='bbox 1357 774 1411 802; x_wconf 84' lang='lat' dir='ltr'>ea</span> <span class='ocrx_word' id='word_1_48' title='bbox 1449 758 1673 822; x_wconf 82' lang='lat' dir='ltr'>principi¹</span> 
     </span>
     <span class='ocr_line' id='line_1_9' title="bbox 265 834 1675 897; baseline -0.001 -16"><span class='ocrx_word' id='word_1_49' title='bbox 265 845 534 881; x_wconf 86' lang='lat' dir='ltr'>annuerunt</span> <span class='ocrx_word' id='word_1_50' title='bbox 550 870 561 892; x_wconf 88' lang='lat'>,</span> <span class='ocrx_word' id='word_1_51' title='bbox 601 852 648 880; x_wconf 84' lang='lat' dir='ltr'>se</span> <span class='ocrx_word' id='word_1_52' title='bbox 671 835 814 881; x_wconf 86' lang='lat' dir='ltr'>vades</span> <span class='ocrx_word' id='word_1_53' title='bbox 839 851 918 880; x_wconf 88' lang='lat' dir='ltr'>seu</span> <span class='ocrx_word' id='word_1_54' title='bbox 943 834 1131 880; x_wconf 82' lang='lat' dir='ltr'>obsides</span> <span class='ocrx_word' id='word_1_55' title='bbox 1156 844 1349 897; x_wconf 85' lang='lat' dir='ltr'>propter</span> <span class='ocrx_word' id='word_1_56' title='bbox 1379 834 1472 879; x_wconf 91' lang='lat' dir='ltr'>hoc</span> <span class='ocrx_word' id='word_1_57' title='bbox 1506 835 1675 880; x_wconf 90' lang='lat' dir='ltr'>consti·</span> 
     </span>
     <span class='ocr_line' id='line_1_10' title="bbox 266 909 1677 974; baseline -0.001 -16"><span class='ocrx_word' id='word_1_58' title='bbox 266 912 460 958; x_wconf 83' lang='lat' dir='ltr'>tuendo.</span> <span class='ocrx_word' id='word_1_59' title='bbox 509 911 668 959; x_wconf 88' lang='lat' dir='ltr'>Noluit</span> <span class='ocrx_word' id='word_1_60' title='bbox 716 922 874 958; x_wconf 84' lang='lat' dir='ltr'>tamen</span> <span class='ocrx_word' id='word_1_61' title='bbox 917 912 1015 974; x_wconf 89' lang='lat' dir='ltr'>ipse</span> <span class='ocrx_word' id='word_1_62' title='bbox 1065 911 1286 956; x_wconf 87' lang='lat' dir='ltr'>(lominus</span> <span class='ocrx_word' id='word_1_63' title='bbox 1345 909 1405 955; x_wconf 91' lang='lat' dir='ltr'>de</span> <span class='ocrx_word' id='word_1_64' title='bbox 1449 912 1677 974; x_wconf 77' lang='lat' dir='ltr'>Montfort</span> 
     </span>
     <span class='ocr_line' id='line_1_11' title="bbox 265 985 1676 1051; baseline -0.001 -17"><span class='ocrx_word' id='word_1_65' title='bbox 265 988 456 1050; x_wconf 84' lang='lat' dir='ltr'>adjectis</span> <span class='ocrx_word' id='word_1_66' title='bbox 486 1004 568 1051; x_wconf 89' lang='lat' dir='ltr'>per</span> <span class='ocrx_word' id='word_1_67' title='bbox 601 988 771 1033; x_wconf 88' lang='lat' dir='ltr'>ducem</span> <span class='ocrx_word' id='word_1_68' title='bbox 802 987 929 1032; x_wconf 88' lang='lat' dir='ltr'>hisce</span> <span class='ocrx_word' id='word_1_69' title='bbox 958 986 1182 1033; x_wconf 85' lang='lat' dir='ltr'>oneribus</span> <span class='ocrx_word' id='word_1_70' title='bbox 1218 985 1431 1032; x_wconf 81' lang='lat' dir='ltr'>absolute</span> <span class='ocrx_word' id='word_1_71' title='bbox 1462 995 1676 1049; x_wconf 85' lang='lat' dir='ltr'>praestare</span> 
     </span>
     <span class='ocr_line' id='line_1_12' title="bbox 266 1063 1675 1126; baseline -0.001 -14"><span class='ocrx_word' id='word_1_72' title='bbox 266 1083 507 1112; x_wconf 82' lang='lat' dir='ltr'>assensum</span> <span class='ocrx_word' id='word_1_73' title='bbox 528 1103 540 1126; x_wconf 87' lang='lat'>,</span> <span class='ocrx_word' id='word_1_74' title='bbox 568 1065 650 1110; x_wconf 89' lang='lat' dir='ltr'>sed</span> <span class='ocrx_word' id='word_1_75' title='bbox 676 1065 844 1111; x_wconf 88' lang='lat' dir='ltr'>reverti</span> <span class='ocrx_word' id='word_1_76' title='bbox 879 1063 939 1110; x_wconf 85' lang='lat' dir='ltr'>ad</span> <span class='ocrx_word' id='word_1_77' title='bbox 975 1065 1208 1110; x_wconf 85' lang='lat' dir='ltr'>civitatem</span> <span class='ocrx_word' id='word_1_78' title='bbox 1241 1063 1389 1109; x_wconf 84' lang='lat' dir='ltr'>voluit</span> <span class='ocrx_word' id='word_1_79' title='bbox 1418 1073 1470 1108; x_wconf 89' lang='lat' dir='ltr'>ut</span> <span class='ocrx_word' id='word_1_80' title='bbox 1503 1064 1675 1110; x_wconf 90' lang='lat' dir='ltr'>civium</span> 
     </span>
     <span class='ocr_line' id='line_1_13' title="bbox 264 1140 1668 1205; baseline -0.001 -18"><span class='ocrx_word' id='word_1_81' title='bbox 264 1159 403 1205; x_wconf 85' lang='lat' dir='ltr'>super</span> <span class='ocrx_word' id='word_1_82' title='bbox 443 1141 515 1187; x_wconf 86' lang='lat' dir='ltr'>his</span> <span class='ocrx_word' id='word_1_83' title='bbox 547 1142 796 1188; x_wconf 86' lang='lat' dir='ltr'>consilium</span> <span class='ocrx_word' id='word_1_84' title='bbox 842 1150 982 1203; x_wconf 83' lang='lat' dir='ltr'>atque</span> <span class='ocrx_word' id='word_1_85' title='bbox 1033 1156 1316 1187; x_wconf 88' lang='lat' dir='ltr'>consensum</span> <span class='ocrx_word' id='word_1_86' title='bbox 1362 1140 1623 1202; x_wconf 79' lang='lat' dir='ltr'>exquireret</span> <span class='ocrx_word' id='word_1_87' title='bbox 1659 1161 1668 1186; x_wconf 75' lang='grc' dir='ltr'>ε</span> 
     </span>
     <span class='ocr_line' id='line_1_14' title="bbox 266 1218 1673 1283; baseline 0 -19"><span class='ocrx_word' id='word_1_88' title='bbox 266 1219 395 1282; x_wconf 75' lang='lat' dir='ltr'>quod</span> <span class='ocrx_word' id='word_1_89' title='bbox 433 1219 520 1265; x_wconf 88' lang='lat' dir='ltr'>sibi</span> <span class='ocrx_word' id='word_1_90' title='bbox 554 1237 610 1265; x_wconf 84' lang='lat' dir='ltr'>ex</span> <span class='ocrx_word' id='word_1_91' title='bbox 648 1219 848 1283; x_wconf 57' lang='lat' dir='ltr'>praestita</span> <span class='ocrx_word' id='word_1_92' title='bbox 875 1218 963 1264; x_wconf 88' lang='lat' dir='ltr'>sibi</span> <span class='ocrx_word' id='word_1_93' title='bbox 997 1219 1110 1265; x_wconf 87' lang='lat' dir='ltr'>salvi</span> <span class='ocrx_word' id='word_1_94' title='bbox 1141 1218 1404 1264; x_wconf 87' lang='lat' dir='ltr'>conductus</span> <span class='ocrx_word' id='word_1_95' title='bbox 1431 1219 1673 1265; x_wconf 77' lang='lat' dir='ltr'>securitate</span> 
     </span>
     <span class='ocr_line' id='line_1_15' title="bbox 267 1296 455 1342; baseline 0 -1"><span class='ocrx_word' id='word_1_96' title='bbox 267 1296 455 1342; x_wconf 84' lang='lat' dir='ltr'>licebat.</span> 
     </span>
    </p>

    <p class='ocr_par' dir='ltr' id='par_1_4' title="bbox 267 1373 1678 2360">
     <span class='ocr_line' id='line_1_16' title="bbox 332 1373 1675 1433; baseline 0.003 -16"><span class='ocrx_word' id='word_1_97' title='bbox 332 1374 587 1419; x_wconf 67' lang='lat' dir='ltr'>Parabatur</span> <span class='ocrx_word' id='word_1_98' title='bbox 616 1384 728 1420; x_wconf 84' lang='lat' dir='ltr'>tunc</span> <span class='ocrx_word' id='word_1_99' title='bbox 757 1374 901 1420; x_wconf 89' lang='lat' dir='ltr'>serme</span> <span class='ocrx_word' id='word_1_100' title='bbox 927 1390 955 1420; x_wconf 88' lang='lat' dir='ltr'>a</span> <span class='ocrx_word' id='word_1_101' title='bbox 984 1374 1190 1433; x_wconf 83' lang='lat' dir='ltr'>cunctis,</span> <span class='ocrx_word' id='word_1_102' title='bbox 1223 1384 1268 1419; x_wconf 90' lang='lat' dir='ltr'>et</span> <span class='ocrx_word' id='word_1_103' title='bbox 1299 1374 1363 1420; x_wconf 86' lang='lat' dir='ltr'>ita</span> <span class='ocrx_word' id='word_1_104' title='bbox 1396 1373 1517 1420; x_wconf 82' lang='lat' dir='ltr'>fama</span> <span class='ocrx_word' id='word_1_105' title='bbox 1548 1390 1675 1421; x_wconf 88' lang='lat' dir='ltr'>com-</span> 
     </span>
     <span class='ocr_line' id='line_1_17' title="bbox 267 1451 1675 1514; baseline 0.001 -18"><span class='ocrx_word' id='word_1_106' title='bbox 267 1453 422 1496; x_wconf 79' lang='lat' dir='ltr'>munis</span> <span class='ocrx_word' id='word_1_107' title='bbox 463 1452 706 1509; x_wconf 55' lang='lat' dir='ltr'>x‘o&#39;litabat,</span> <span class='ocrx_word' id='word_1_108' title='bbox 745 1453 1035 1497; x_wconf 84' lang='lat' dir='ltr'>deditionem</span> <span class='ocrx_word' id='word_1_109' title='bbox 1078 1452 1276 1496; x_wconf 85' lang='lat' dir='ltr'>civitatis</span> <span class='ocrx_word' id='word_1_110' title='bbox 1316 1461 1361 1497; x_wconf 90' lang='lat' dir='ltr'>et</span> <span class='ocrx_word' id='word_1_111' title='bbox 1398 1468 1561 1514; x_wconf 84' lang='lat' dir='ltr'>pacem</span> <span class='ocrx_word' id='word_1_112' title='bbox 1600 1451 1675 1497; x_wconf 86' lang='lat' dir='ltr'>fir-</span> 
     </span>
     <span class='ocr_line' id='line_1_18' title="bbox 268 1527 1678 1590; baseline -0.001 -16"><span class='ocrx_word' id='word_1_113' title='bbox 268 1545 390 1575; x_wconf 78' lang='lat' dir='ltr'>man]</span> <span class='ocrx_word' id='word_1_114' title='bbox 417 1529 584 1574; x_wconf 79' lang='lat' dir='ltr'>saetam</span> <span class='ocrx_word' id='word_1_115' title='bbox 600 1545 713 1574; x_wconf 85' lang='lat' dir='ltr'>esse.</span> <span class='ocrx_word' id='word_1_116' title='bbox 736 1529 825 1573; x_wconf 73' lang='lat' dir='ltr'>Sed</span> <span class='ocrx_word' id='word_1_117' title='bbox 849 1545 958 1573; x_wconf 91' lang='lat' dir='ltr'>cum</span> <span class='ocrx_word' id='word_1_118' title='bbox 979 1528 1105 1573; x_wconf 86' lang='lat' dir='ltr'>idem</span> <span class='ocrx_word' id='word_1_119' title='bbox 1128 1527 1350 1572; x_wconf 90' lang='lat' dir='ltr'>dominus</span> <span class='ocrx_word' id='word_1_120' title='bbox 1366 1527 1424 1573; x_wconf 88' lang='lat' dir='ltr'>de</span> <span class='ocrx_word' id='word_1_121' title='bbox 1450 1529 1678 1590; x_wconf 77' lang='lat' dir='ltr'>Montfort</span> 
     </span>
     <span class='ocr_line' id='line_1_19' title="bbox 268 1604 1675 1668; baseline 0.002 -20"><span class='ocrx_word' id='word_1_122' title='bbox 268 1606 502 1650; x_wconf 62' lang='lat' dir='ltr'>civitatem</span> <span class='ocrx_word' id='word_1_123' title='bbox 528 1606 684 1650; x_wconf 78' lang='lat' dir='ltr'>i&#39;uisset</span> <span class='ocrx_word' id='word_1_124' title='bbox 709 1606 963 1665; x_wconf 71' lang='lat' dir='ltr'>ingi·essu5‚</span> <span class='ocrx_word' id='word_1_125' title='bbox 990 1606 1144 1650; x_wconf 88' lang='lat' dir='ltr'>statim</span> <span class='ocrx_word' id='word_1_126' title='bbox 1169 1622 1223 1649; x_wconf 79' lang='lat' dir='ltr'>ex</span> <span class='ocrx_word' id='word_1_127' title='bbox 1243 1604 1470 1667; x_wconf 76' lang='lat' dir='ltr'>abrupto,</span> <span class='ocrx_word' id='word_1_128' title='bbox 1499 1604 1675 1668; x_wconf 85' lang='lat' dir='ltr'>absque</span> 
     </span>
     <span class='ocr_line' id='line_1_20' title="bbox 269 1681 1674 1744; baseline 0.002 -19"><span class='ocrx_word' id='word_1_129' title='bbox 269 1681 492 1727; x_wconf 78' lang='lat' dir='ltr'>mandato</span> <span class='ocrx_word' id='word_1_130' title='bbox 516 1691 559 1726; x_wconf 89' lang='lat' dir='ltr'>et</span> <span class='ocrx_word' id='word_1_131' title='bbox 585 1681 883 1726; x_wconf 85' lang='lat' dir='ltr'>ordinatione</span> <span class='ocrx_word' id='word_1_132' title='bbox 907 1681 1065 1740; x_wconf 71' lang='lat' dir='ltr'>(iucis7</span> <span class='ocrx_word' id='word_1_133' title='bbox 1094 1683 1139 1726; x_wconf 90' lang='lat' dir='ltr'>in</span> <span class='ocrx_word' id='word_1_134' title='bbox 1164 1698 1219 1726; x_wconf 86' lang='lat' dir='ltr'>ea</span> <span class='ocrx_word' id='word_1_135' title='bbox 1241 1692 1372 1744; x_wconf 86' lang='lat' dir='ltr'>parte</span> <span class='ocrx_word' id='word_1_136' title='bbox 1398 1698 1491 1744; x_wconf 86' lang='lat' dir='ltr'>qua</span> <span class='ocrx_word' id='word_1_137' title='bbox 1513 1682 1674 1728; x_wconf 75' lang='lat' dir='ltr'>effrac-</span> 
     </span>
     <span class='ocr_line' id='line_1_21' title="bbox 270 1758 1674 1817; baseline 0.001 -14"><span class='ocrx_word' id='word_1_138' title='bbox 270 1768 340 1804; x_wconf 71' lang='lat' dir='ltr'>tus</span> <span class='ocrx_word' id='word_1_139' title='bbox 377 1758 521 1804; x_wconf 70' lang='lat' dir='ltr'>{iterat</span> <span class='ocrx_word' id='word_1_140' title='bbox 561 1775 745 1817; x_wconf 78' lang='lat' dir='ltr'>murus,</span> <span class='ocrx_word' id='word_1_141' title='bbox 788 1759 956 1803; x_wconf 89' lang='lat' dir='ltr'>milites</span> <span class='ocrx_word' id='word_1_142' title='bbox 996 1759 1108 1803; x_wconf 90' lang='lat' dir='ltr'>certi</span> <span class='ocrx_word' id='word_1_143' title='bbox 1139 1776 1194 1803; x_wconf 81' lang='lat' dir='ltr'>ex</span> <span class='ocrx_word' id='word_1_144' title='bbox 1234 1758 1327 1803; x_wconf 86' lang='lat' dir='ltr'>suis</span> <span class='ocrx_word' id='word_1_145' title='bbox 1361 1759 1584 1803; x_wconf 81' lang='lat' dir='ltr'>insultum</span> <span class='ocrx_word' id='word_1_146' title='bbox 1616 1758 1674 1804; x_wconf 90' lang='lat' dir='ltr'>ad</span> 
     </span>
     <span class='ocr_line' id='line_1_22' title="bbox 268 1834 1676 1890; baseline 0.001 -11"><span class='ocrx_word' id='word_1_147' title='bbox 268 1835 503 1880; x_wconf 65' lang='lat' dir='ltr'>civitatem</span> <span class='ocrx_word' id='word_1_148' title='bbox 538 1835 688 1880; x_wconf 83' lang='lat' dir='ltr'>facere</span> <span class='ocrx_word' id='word_1_149' title='bbox 721 1834 1018 1880; x_wconf 84' lang='lat' dir='ltr'>inchoarunt.</span> <span class='ocrx_word' id='word_1_150' title='bbox 1064 1834 1247 1890; x_wconf 87' lang='lat' dir='ltr'>Quibus</span> <span class='ocrx_word' id='word_1_151' title='bbox 1284 1852 1393 1879; x_wconf 87' lang='lat' dir='ltr'>cum</span> <span class='ocrx_word' id='word_1_152' title='bbox 1435 1851 1461 1880; x_wconf 85' lang='lat' dir='ltr'>a</span> <span class='ocrx_word' id='word_1_153' title='bbox 1498 1834 1676 1881; x_wconf 79' lang='lat' dir='ltr'>civibus</span> 
     </span>
     <span class='ocr_line' id='line_1_23' title="bbox 268 1912 1671 1978; baseline 0.001 -22"><span class='ocrx_word' id='word_1_154' title='bbox 268 1922 313 1956; x_wconf 80' lang='lat' dir='ltr'>et</span> <span class='ocrx_word' id='word_1_155' title='bbox 336 1913 559 1970; x_wconf 73' lang='lat' dir='ltr'>rtttheriS,</span> <span class='ocrx_word' id='word_1_156' title='bbox 585 1913 665 1975; x_wconf 76' lang='lat' dir='ltr'>qui</span> <span class='ocrx_word' id='word_1_157' title='bbox 684 1913 807 1957; x_wconf 86' lang='lat' dir='ltr'>intro</span> <span class='ocrx_word' id='word_1_158' title='bbox 826 1921 979 1970; x_wconf 80' lang='lat' dir='ltr'>erant,</span> <span class='ocrx_word' id='word_1_159' title='bbox 1006 1912 1264 1957; x_wconf 81' lang='lat' dir='ltr'>resistentia</span> <span class='ocrx_word' id='word_1_160' title='bbox 1283 1912 1467 1973; x_wconf 86' lang='lat' dir='ltr'>objecta</span> <span class='ocrx_word' id='word_1_161' title='bbox 1491 1912 1671 1978; x_wconf 52' lang='lat' dir='ltr'>suisset?</span> 
     </span>
     <span class='ocr_line' id='line_1_24' title="bbox 268 1989 1673 2051; baseline 0 -17"><span class='ocrx_word' id='word_1_162' title='bbox 268 1999 312 2034; x_wconf 90' lang='lat' dir='ltr'>et</span> <span class='ocrx_word' id='word_1_163' title='bbox 344 2006 415 2034; x_wconf 83' lang='lat' dir='ltr'>res</span> <span class='ocrx_word' id='word_1_164' title='bbox 459 1989 783 2051; x_wconf 73' lang='lat' dir='ltr'>hujuscemodi</span> <span class='ocrx_word' id='word_1_165' title='bbox 823 1999 995 2034; x_wconf 75' lang='lat' dir='ltr'>temere</span> <span class='ocrx_word' id='word_1_166' title='bbox 1031 1999 1254 2035; x_wconf 84' lang='lat' dir='ltr'>attentata</span> <span class='ocrx_word' id='word_1_167' title='bbox 1290 1989 1351 2035; x_wconf 88' lang='lat' dir='ltr'>ad</span> <span class='ocrx_word' id='word_1_168' title='bbox 1385 1989 1516 2035; x_wconf 84' lang='lat' dir='ltr'>ducis</span> <span class='ocrx_word' id='word_1_169' title='bbox 1552 1991 1673 2035; x_wconf 86' lang='lat' dir='ltr'>noti-</span> 
     </span>
     <span class='ocr_line' id='line_1_25' title="bbox 270 2066 1673 2129; baseline 0.002 -19"><span class='ocrx_word' id='word_1_170' title='bbox 270 2067 381 2112; x_wconf 83' lang='lat' dir='ltr'>tiam</span> <span class='ocrx_word' id='word_1_171' title='bbox 414 2068 614 2129; x_wconf 60' lang='lat' dir='ltr'>peflata,</span> <span class='ocrx_word' id='word_1_172' title='bbox 655 2066 715 2112; x_wconf 89' lang='lat' dir='ltr'>ad</span> <span class='ocrx_word' id='word_1_173' title='bbox 753 2066 1104 2129; x_wconf 80' lang='lat' dir='ltr'>prohibendum</span> <span class='ocrx_word' id='word_1_174' title='bbox 1140 2067 1363 2112; x_wconf 85' lang='lat' dir='ltr'>insultum</span> <span class='ocrx_word' id='word_1_175' title='bbox 1394 2067 1489 2129; x_wconf 89' lang='lat' dir='ltr'>ipse</span> <span class='ocrx_word' id='word_1_176' title='bbox 1519 2068 1673 2114; x_wconf 84' lang='lat' dir='ltr'>statim</span> 
     </span>
     <span class='ocr_line' id='line_1_26' title="bbox 270 2140 1673 2206; baseline 0.003 -19"><span class='ocrx_word' id='word_1_177' title='bbox 270 2144 467 2188; x_wconf 71' lang='lat' dir='ltr'>accurrit</span> <span class='ocrx_word' id='word_1_178' title='bbox 506 2144 732 2205; x_wconf 81' lang='lat' dir='ltr'>jussitque</span> <span class='ocrx_word' id='word_1_179' title='bbox 770 2143 938 2188; x_wconf 78' lang='lat' dir='ltr'>milites</span> <span class='ocrx_word' id='word_1_180' title='bbox 983 2140 1043 2189; x_wconf 84' lang='lat' dir='ltr'>ab</span> <span class='ocrx_word' id='word_1_181' title='bbox 1086 2144 1274 2206; x_wconf 84' lang='lat' dir='ltr'>incepto</span> <span class='ocrx_word' id='word_1_182' title='bbox 1316 2159 1492 2188; x_wconf 85' lang='lat' dir='ltr'>cessare</span> <span class='ocrx_word' id='word_1_183' title='bbox 1534 2154 1673 2206; x_wconf 83' lang='lat' dir='ltr'>atque</span> 
     </span>
     <span class='ocr_line' id='line_1_27' title="bbox 269 2220 1674 2285; baseline 0.002 -21"><span class='ocrx_word' id='word_1_184' title='bbox 269 2220 524 2265; x_wconf 70' lang='lat' dir='ltr'>discedere.</span> <span class='ocrx_word' id='word_1_185' title='bbox 574 2224 731 2265; x_wconf 80' lang='lat' dir='ltr'>Unum</span> <span class='ocrx_word' id='word_1_186' title='bbox 781 2236 970 2282; x_wconf 81' lang='lat' dir='ltr'>quoque</span> <span class='ocrx_word' id='word_1_187' title='bbox 1018 2230 1097 2265; x_wconf 85' lang='lat' dir='ltr'>aut</span> <span class='ocrx_word' id='word_1_188' title='bbox 1134 2220 1254 2265; x_wconf 86' lang='lat' dir='ltr'>duos</span> <span class='ocrx_word' id='word_1_189' title='bbox 1299 2236 1443 2266; x_wconf 88' lang='lat' dir='ltr'>manu</span> <span class='ocrx_word' id='word_1_190' title='bbox 1483 2223 1674 2285; x_wconf 80' lang='lat' dir='ltr'>propria</span> 
     </span>
     <span class='ocr_line' id='line_1_28' title="bbox 270 2296 1667 2360; baseline 0.001 -17"><span class='ocrx_word' id='word_1_191' title='bbox 270 2298 518 2360; x_wconf 79' lang='lat' dir='ltr'>peremisse</span> <span class='ocrx_word' id='word_1_192' title='bbox 543 2297 792 2355; x_wconf 79' lang='lat' dir='ltr'>ferebatur,</span> <span class='ocrx_word' id='word_1_193' title='bbox 817 2307 862 2342; x_wconf 91' lang='lat' dir='ltr'>et</span> <span class='ocrx_word' id='word_1_194' title='bbox 888 2297 1082 2342; x_wconf 79' lang='lat' dir='ltr'>totidem</span> <span class='ocrx_word' id='word_1_195' title='bbox 1106 2296 1317 2360; x_wconf 84' lang='lat' dir='ltr'>patibulo</span> <span class='ocrx_word' id='word_1_196' title='bbox 1341 2297 1463 2359; x_wconf 80' lang='lat' dir='ltr'>affigi</span> <span class='ocrx_word' id='word_1_197' title='bbox 1492 2300 1667 2345; x_wconf 88' lang='lat' dir='ltr'>secisse.</span> 
     </span>
    </p>

    <p class='ocr_par' dir='ltr' id='par_1_5' title="bbox 270 2373 1672 2589">
     <span class='ocr_line' id='line_1_29' title="bbox 336 2373 1672 2435; baseline 0.002 -16"><span class='ocrx_word' id='word_1_198' title='bbox 336 2373 424 2419; x_wconf 73' lang='lat' dir='ltr'>Sed</span> <span class='ocrx_word' id='word_1_199' title='bbox 464 2374 771 2419; x_wconf 79' lang='lat' dir='ltr'>nihilominus</span> <span class='ocrx_word' id='word_1_200' title='bbox 809 2391 860 2418; x_wconf 59' lang='lat' dir='ltr'>e),</span> <span class='ocrx_word' id='word_1_201' title='bbox 894 2373 1011 2427; x_wconf 77' lang='lat' dir='ltr'>hoc,</span> <span class='ocrx_word' id='word_1_202' title='bbox 1048 2390 1149 2435; x_wconf 81' lang='lat' dir='ltr'>quae</span> <span class='ocrx_word' id='word_1_203' title='bbox 1185 2373 1304 2420; x_wconf 83' lang='lat' dir='ltr'>facta</span> <span class='ocrx_word' id='word_1_204' title='bbox 1346 2375 1481 2421; x_wconf 79' lang='lat' dir='ltr'>fuisse</span> <span class='ocrx_word' id='word_1_205' title='bbox 1512 2376 1672 2422; x_wconf 85' lang='lat' dir='ltr'>crede-</span> 
     </span>
     <span class='ocr_line' id='line_1_30' title="bbox 270 2449 1672 2514; baseline 0 -17"><span class='ocrx_word' id='word_1_206' title='bbox 270 2450 433 2507; x_wconf 75' lang='lat' dir='ltr'>batur,</span> <span class='ocrx_word' id='word_1_207' title='bbox 482 2467 571 2514; x_wconf 87' lang='lat' dir='ltr'>pax</span> <span class='ocrx_word' id='word_1_208' title='bbox 609 2450 728 2496; x_wconf 86' lang='lat' dir='ltr'>adeo</span> <span class='ocrx_word' id='word_1_209' title='bbox 770 2449 955 2495; x_wconf 79' lang='lat' dir='ltr'>turbata</span> <span class='ocrx_word' id='word_1_210' title='bbox 997 2449 1102 2506; x_wconf 82' lang='lat' dir='ltr'>fuit,</span> <span class='ocrx_word' id='word_1_211' title='bbox 1147 2451 1336 2513; x_wconf 74' lang='lat' dir='ltr'>pra¹tato</span> <span class='ocrx_word' id='word_1_212' title='bbox 1377 2451 1572 2497; x_wconf 83' lang='lat' dir='ltr'>domino</span> <span class='ocrx_word' id='word_1_213' title='bbox 1614 2452 1672 2497; x_wconf 89' lang='lat' dir='ltr'>de</span> 
     </span>
     <span class='ocr_line' id='line_1_31' title="bbox 272 2527 1672 2589; baseline 0.001 -16"><span class='ocrx_word' id='word_1_214' title='bbox 272 2530 505 2589; x_wconf 73' lang='lat' dir='ltr'>Monlsbrt</span> <span class='ocrx_word' id='word_1_215' title='bbox 526 2527 718 2572; x_wconf 88' lang='lat' dir='ltr'>minime</span> <span class='ocrx_word' id='word_1_216' title='bbox 738 2527 796 2573; x_wconf 88' lang='lat' dir='ltr'>ad</span> <span class='ocrx_word' id='word_1_217' title='bbox 816 2527 984 2572; x_wconf 87' lang='lat' dir='ltr'>ducem</span> <span class='ocrx_word' id='word_1_218' title='bbox 1004 2536 1287 2586; x_wconf 78' lang='lat' dir='ltr'>revertente,</span> <span class='ocrx_word' id='word_1_219' title='bbox 1315 2527 1394 2573; x_wconf 88' lang='lat' dir='ltr'>sed</span> <span class='ocrx_word' id='word_1_220' title='bbox 1422 2528 1468 2574; x_wconf 90' lang='lat' dir='ltr'>in</span> <span class='ocrx_word' id='word_1_221' title='bbox 1489 2529 1672 2575; x_wconf 87' lang='lat' dir='ltr'>civitate</span> 
     </span>
    </p>
   </div>
   <div class='ocr_carea' id='block_1_3' title="bbox 324 2683 687 2728">
    <p class='ocr_par' dir='ltr' id='par_1_6' title="bbox 324 2683 687 2728">
     <span class='ocr_line' id='line_1_32' title="bbox 324 2683 687 2728; baseline 0 -11"><span class='ocrx_word' id='word_1_222' title='bbox 324 2683 361 2719; x_wconf 72' lang='lat'>¹.</span> <span class='ocrx_word' id='word_1_223' title='bbox 394 2684 463 2720; x_wconf 78' lang='lat' dir='ltr'>Ms.</span> <span class='ocrx_word' id='word_1_224' title='bbox 484 2685 687 2728; x_wconf 75' lang='lat' dir='ltr'>pt·1&#39;m·ipia.</span> 
     </span>
    </p>
   </div>
  </div>
 </body>
</html>
