1875 2956
266 251 311 285 74
623 247 959 284 HISTORIARUM
984 247 1047 282 LU
1054 247 1218 283 DOVICI
1248 249 1302 283 XI

263 338 450 383 fratrem
470 336 691 382 adversus
719 334 926 391 fratrem,
956 342 1000 377 et
1020 349 1217 378 uxorem
1240 344 1404 380 contra
1425 334 1659 391 maritum,

263 414 376 460 odio
423 413 754 477 partialitatum
807 409 1130 468 inardescere3
1176 418 1222 454 et
1264 410 1665 470 quemadmodum

262 508 346 555 per
399 490 536 535 urbes
584 488 722 533 Italiae
774 485 1019 549 quondam
1065 484 1324 530 efferbuere
1369 487 1667 548 partiaJitates

263 567 540 613 Ghelforum
586 573 631 609 et
670 562 1051 610 Ghibellinorum
1100 562 1321 625 (quarum
1364 562 1577 608 nondum
1619 563 1665 607 in

263 645 495 709 plerisque
530 642 645 688 locis
680 641 877 686 omnino
915 640 1094 686 radices
1125 639 1282 685 adhuc
1315 639 1482 685 evulsae
1516 640 1660 700 sunt),

264 722 326 767 ita
355 731 399 766 et
424 721 470 765 in
497 719 569 764 his
597 719 728 763 terris
748 718 1006 763 Hollandiae
1028 726 1073 762 et
1100 716 1464 778 Trajectensium
1487 731 1541 761 ac
1565 715 1667 761 fmi-

264 798 415 851 timis,
460 811 508 841 se
552 794 672 840 odiis
716 811 771 841 ac
814 795 949 839 sectis
993 793 1328 857 partialitatum
1362 792 1672 854 insequuntur

266 871 418 918 Hoeck
447 881 493 918 et
516 870 763 934 Kabeljaa,
790 871 883 917 hoc
907 881 976 917 est
1009 874 1184 916 Hamus
1216 880 1262 915 et
1290 869 1476 915 Piscis¹.

328 953 442 1007 Quae
466 966 575 996 cum
603 949 719 995 citra
752 965 904 994 annos
936 948 1188 1005 ducentos,
1221 956 1274 992 ut
1307 946 1464 1005 aiunt,
1503 956 1673 993 exortae

264 1038 397 1087 sunt,
439 1037 483 1073 et
527 1025 884 1089 quodammodo
937 1025 1097 1087 sopitae
1146 1024 1488 1087 detorpuerunt
1535 1033 1674 1087 atque

264 1104 570 1161 delituerunt,
597 1101 938 1167 imperantibus
962 1102 1151 1146 illustris
1173 1101 1410 1146 memoriae
1432 1099 1669 1164 Philippo,

265 1191 418 1245 patre,
449 1191 495 1227 et
519 1180 719 1238 Carolo,
748 1179 848 1241 ejus
882 1177 1005 1245 11110,1
1032 1177 1419 1239 Burgundionum
1450 1176 1671 1235 ducibus,

265 1259 344 1320 qui
381 1273 458 1304 eas
492 1258 540 1303 in
570 1267 785 1321 apertum
811 1271 1058 1318 erumpere
1084 1263 1212 1300 metu
1237 1270 1486 1317 poenarum
1516 1253 1676 1317 prohi-

265 1335 469 1395 bebant,
495 1335 649 1380 statim
680 1343 837 1379 tamen
853 1370 864 1392 ,
891 1332 1017 1378 velut
1038 1331 1098 1377 ab
1122 1330 1281 1377 inseris
1308 1330 1553 1390 redivivae,
1580 1345 1677 1375 sese

267 1413 552 1470 attollentes,
592 1421 780 1455 mortuo
811 1408 981 1455 Carolo
1017 1408 1163 1467 duce,
1197 1424 1223 1452 e
1256 1407 1448 1453 latebris
1475 1407 1677 1452 emicue-

268 1499 376 1535 runt
399 1498 538 1551 atque
558 1488 714 1552 palam
732 1487 1025 1550 prodierunt.
1056 1487 1131 1531 Sic
1160 1495 1206 1531 et
1239 1486 1284 1530 in
1317 1485 1492 1543 Gallia,
1520 1493 1678 1529 nostra

266 1575 422 1622 (etate,
454 1581 551 1611 sese
587 1564 854 1626 gravissime
883 1572 927 1608 et
954 1562 1065 1608 odio
1089 1560 1374 1625 implacabili
1394 1576 1679 1624 prosequen-

268 1653 335 1688 tes
362 1642 488 1687 suere
521 1640 880 1702 Burgundiones
913 1649 959 1684 et
992 1640 1073 1700 qui
1099 1638 1346 1684 Arininiaci
1377 1635 1674 1682 dicebantur.

268 1724 381 1776 Quae
402 1729 559 1765 tamen
582 1719 784 1764 infausta
806 1717 948 1763 factio
964 1719 976 1740 ²
992 1753 1005 1777 ‚
1028 1733 1133 1779 quae
1153 1715 1309 1761 multis
1330 1714 1512 1760 civibus
1540 1723 1679 1775 atque

268 1797 477 1861 populis,
502 1795 623 1862 proh
644 1793 802 1841 dolor!
828 1795 969 1841 exitio
989 1793 1071 1838 fuit
1092 1810 1175 1855 per
1195 1808 1347 1838 annos
1366 1791 1549 1836 circiter
1566 1807 1680 1853 qua-

269 1875 507 1935 draginta,
547 1873 845 1919 miseratione
880 1871 1039 1916 divina
1071 1869 1283 1915 obsoleta
1317 1878 1383 1914 est
1413 1878 1459 1913 et
1495 1869 1680 1931 penitus

269 1953 510 1998 exstincta.
542 1954 605 1996 Ea
626 1966 762 2008 vero,
794 1966 896 2012 quae
927 1946 1275 1992 Hoeckensium
1305 1955 1350 1991 et
1374 1944 1679 1991 Cabeliaven-

271 2032 389 2076 sium
428 2029 670 2074 inimicitia
712 2037 852 2090 atque
885 2024 1138 2089 partialitas
1173 2023 1314 2085 vulgo
1351 2031 1676 2085 nuncupatur,

326 2187 362 2221 1.
398 2200 414 2217 α
432 2184 459 2219 ΙΙ
488 2183 578 2232 loyst
611 2181 757 2230 sqax‘oir
780 2194 854 2231 que
880 2183 919 2216 es
945 2178 1083 2230 parties
1108 2178 1155 2214 de
1179 2175 1385 2221 Hollande,
1411 2175 1457 2211 de
1483 2174 1682 2225 tros-longs

271 2260 338 2283 ans
357 2260 377 2282 a
398 2258 515 2283 couru
536 2252 571 2281 ct
592 2243 708 2294 regno
726 2255 802 2279 une
822 2240 981 2278 division
1003 2240 1067 2276 des
1088 2239 1242 2290 parties,
1265 2238 1356 2274 dont
1374 2237 1450 2273 l'un
1471 2249 1511 2273 se
1530 2249 1682 2273 nomme

271 2323 337 2345 ouc
354 2317 391 2346 et
416 2308 563 2344 l'aultre
583 2305 770 2350 rabulam
797 2304 889 2340 dont
912 2303 946 2338 lc
965 2316 1053 2338 nom
1075 2302 1121 2337 de
1139 2301 1244 2350 l'ung
1268 2299 1413 2349 §ignitio
1432 2312 1510 2349 ung
1531 2298 1680 2348 poisson

272 2370 337 2421 qui
355 2384 377 2407 a
397 2383 474 2419 ung
491 2376 601 2418 grant
617 2366 885 2416 engoulement
903 2374 939 2400 et.
958 2365 1084 2414 large3
1099 2371 1135 2399 et
1153 2363 1298 2399 l'aultre
1315 2361 1459 2411 signifie
1473 2374 1551 2411 ung
1570 2360 1681 2410 engin

273 2433 394 2470 deser
417 2430 558 2468 crochu
584 2438 619 2465 ct
647 2429 813 2478 tres-agn
840 2440 908 2477 par
930 2425 1053 2476 lequel
1082 2426 1106 2462 il
1136 2438 1175 2461 se
1202 2424 1322 2475 prend
1350 2431 1384 2460 et
1411 2423 1610 2473 estrangle.
1638 2424 1684 2459 Et

274 2504 364 2546 peut
384 2502 481 2531 estre
500 2491 612 2541 qu'ilz
631 2503 654 2539 y
678 2498 744 2526 ont
770 2489 907 2526 aulcun
929 2488 1195 2525 entendement
1215 2486 1261 2522 de
1282 2486 1433 2521 mistere
1452 2498 1497 2521 en
1519 2496 1626 2532 cecy,
1647 2490 1683 2520 et

275 2566 326 2594 (²51
355 2557 441 2593 bien
469 2551 773 2598 vraisemblable,
795 2564 942 2588 comme
963 2551 991 2587 si
1018 2563 1067 2586 on
1087 2547 1249 2586 vouloist
1274 2548 1354 2584 dire
1373 2560 1447 2597 que
1466 2547 1571 2596 l'ung
1590 2558 1680 2582 con-

275 2620 363 2657 161111
384 2621 403 2655 Ξι
424 2626 504 2655 tout
523 2616 717 2667 engmsscr,
740 2623 776 2650 et
796 2615 944 2651 l'aultrc
962 2616 980 2650 21
1001 2613 1092 2649 faire
1112 2611 1319 2662 estrangler
1333 2611 1386 2647 les
1405 2608 1646 2661 cngouieurs.
1662 2624 1679 2641 »ι

276 2679 523 2724 Cbastclhlin,
547 2679 755 2725 Clzroniqm’
778 2679 827 2712 clu
849 2678 920 2712 duc
939 2677 1130 2724 Philippe,
1153 2674 1214 2710 ch.
1239 2685 1347 2708 121111.

330 2745 366 2779 ⁹2.
399 2745 517 2779 sectio
538 2741 629 2777 dans
651 2740 686 2775 le
710 2753 778 2775 nis.
