1875 2956
652 194 793 228 LIBER
823 193 1018 228 PRIMUS.
1457 193 1530 228 283

138 283 255 327 latus
293 280 525 330 honorem
569 278 808 324 sublimari
854 277 1120 341 procuravit
1136 278 1164 319 ¹.
1221 278 1335 319 Eum
1380 276 1532 336 igitur,

139 374 224 421 pro
241 373 298 402 eo
319 356 447 418 quod
477 366 604 402 tanta
627 355 752 418 apud
778 371 931 416 regem
958 364 1003 399 et
1026 361 1252 416 potestate
1281 361 1326 396 et
1349 350 1538 397 familia-

138 433 268 478 ritate
292 433 538 495 potiretur,
574 431 769 477 consilio
805 431 1066 475 amicorum
1100 437 1154 472 ut
1190 443 1277 490 pro
1317 427 1535 472 interces-

137 525 240 554 sore
275 519 413 569 atque
435 501 703 553 'mediatore
732 522 974 568 possemus
1005 503 1274 566 acquirere,
1310 502 1417 547 licet
1455 518 1540 548 nec

136 586 391 631 litteratura
426 602 512 630 nec
535 583 742 629 honestis
770 582 877 627 satis
897 580 1109 625 moribus
1139 578 1265 642 apud
1298 595 1435 624 veros
1470 595 1541 623 re-

137 680 241 708 rum
266 664 564 708 aestimatores
585 660 778 721 alicujus
794 659 1066 722 praestantiae
1085 656 1361 715 haberetur,
1386 666 1541 701 tamen

139 756 226 802 pro
252 741 449 785 instante
486 737 756 783 necessitate
788 745 832 780 et
867 735 1019 780 colere
1051 744 1097 779 et
1133 733 1381 779 observare
1406 749 1541 778 cura—

141 816 289 860 vimus
315 833 323 859 :
353 815 631 860 aestimantes
667 813 732 871 si,
771 810 1178 874 quemadmodum
1214 826 1261 854 se
1292 808 1543 872 recipiebat

140 892 396 951 facturum,
433 892 614 936 sincero
651 889 794 934 corde
822 898 867 934 et
899 898 1026 934 recta
1062 887 1309 933 affectione
1350 903 1542 950 operam

139 969 250 1014 dare
284 969 446 1027 vellet,
474 967 605 1029 quod
624 965 856 1028 regalibus
879 965 967 1011 illis
998 965 1074 1027 (de
1101 963 1273 1027 quibus
1303 964 1401 1025 jam
1426 980 1545 1027 saepe

143 1061 170 1091 a
194 1044 331 1089 nobis
354 1044 551 1090 relatum
572 1044 657 1105 est)
680 1041 1018 1089 abolitionibus
1044 1051 1089 1086 et
1111 1041 1412 1103 indulgentiis
1436 1057 1546 1101 gau-

140 1121 250 1166 dere
273 1121 408 1167 nobis
432 1121 563 1167 facile
585 1121 768 1177 liceret,
796 1136 997 1182 quarum
1020 1118 1253 1164 beneficio
1284 1118 1384 1163 sreti
1410 1128 1548 1180 atque

142 1199 334 1244 animati
357 1198 416 1244 ad
443 1199 638 1260 gratiam
663 1207 707 1242 et
734 1196 1053 1242 obedientiam
1073 1196 1192 1256 regis
1216 1194 1445 1240 redeundi
1470 1211 1550 1240 au-

141 1291 244 1319 sum
264 1284 309 1320 et
327 1274 623 1337 propositum
648 1288 1010 1336 sumpseramus.
1036 1274 1137 1316 Non
1158 1271 1303 1327 enim,
1327 1280 1377 1315 ut
1395 1270 1550 1316 aieba-

141 1367 271 1408 mus,
301 1350 360 1395 de
392 1352 594 1413 propriis
628 1358 960 1413 praesun'ientes
995 1348 1193 1405 meritis,
1231 1363 1385 1408 neque
1411 1363 1551 1409 super

141 1429 205 1472 eis
232 1427 533 1489 disceptaturi
553 1427 626 1471 vel
651 1425 774 1488 apud
802 1440 958 1485 regem
982 1439 1069 1468 nos
1098 1422 1418 1485 justificaturi,
1446 1423 1552 1468 licet

142 1504 314 1548 nullius
351 1520 541 1566 prorsus
572 1502 747 1547 conscii
783 1501 990 1546 criminis
1022 1516 1250 1559 essemus,
1287 1500 1552 1545 revertendi

141 1581 389 1626 consilium
428 1595 781 1642 acceperamus;
819 1578 900 1623 sed
937 1577 995 1622 de
1034 1577 1134 1622 sola
1170 1577 1289 1639 regis
1326 1577 1470 1638 gratia
1510 1587 1555 1622 et

142 1657 389 1703 clementia
411 1656 597 1715 confisi;
639 1671 782 1717 quam
807 1671 918 1700 sane
943 1665 1040 1701 tam
1070 1655 1306 1718 amplam,
1353 1664 1450 1700 tam
1482 1671 1555 1700 ex-

143 1750 349 1797 pressam
368 1770 379 1792 ,
408 1743 503 1779 tam
525 1733 702 1794 largam
724 1742 863 1793 atque
890 1731 1155 1792 generalem
1178 1730 1385 1777 edixerat
1413 1741 1459 1776 et
1481 1748 1554 1776 so-

146 1811 359 1856 lemniter
378 1809 607 1872 publicari
633 1808 809 1871 ubique
838 1824 921 1871 per
949 1817 1101 1852 totum
1130 1823 1328 1868 regnum
1353 1807 1552 1865 fecerat,

146 1897 197 1932 ut
212 1886 419 1949 ancipitii
435 1885 505 1930 vel
517 1884 789 1930 dissidentia?
800 1901 880 1929 seu
901 1883 1144 1929 haesitandi
1158 1884 1353 1941 nemini,
1375 1886 1558 1946 quomi-

146 1980 234 2008 nus
254 1963 313 2008 ad
328 1978 432 2008 eam
449 1961 742 2007 confidenter
760 1961 1047 2023 confugeret,
1065 1961 1197 2006 locus
1218 1961 1403 2006 relictus
1420 1961 1557 2006 fuisse

148 2039 402 2085 videretur.
426 2038 561 2084 Unde
581 2038 820 2083 humiliter
845 2038 997 2082 solum
1017 2037 1131 2082 illud
1156 2036 1554 2100 supplicabamus,

149 2127 200 2162 ut
229 2116 396 2162 eadem
421 2116 711 2177 indulgentia
741 2116 882 2178 potiri
905 2115 1029 2175 regia
1052 2115 1299 2161 clementia
1328 2132 1415 2160 nos
1443 2104 1559 2178 per-

150 2195 330 2240 mittere
354 2194 640 2255 dignaretur,
666 2203 712 2238 et
738 2193 935 2238 tolerare
962 2209 1047 2237 nos
1070 2192 1319 2254 tranquille
1343 2202 1388 2237 et
1404 2193 1559 2254 quiete

151 2272 196 2316 in
222 2271 416 2316 ecclesia
440 2279 599 2315 nostra
621 2269 823 2314 residere
840 2305 850 2325 ,
879 2279 1017 2331 atque
1052 2269 1205 2315 eidem
1225 2269 1273 2314 in
1299 2269 1468 2314 Christi
1493 2268 1560 2313 fa-

152 2347 330 2393 mulatu
349 2348 478 2409 juxta
501 2347 761 2393 vocationis
785 2356 952 2391 nostrae
984 2345 1197 2391 debitum
1224 2346 1411 2391 servire.

205 2482 244 2517 1.
275 2483 433 2518 Nomine
454 2483 598 2531 echue
620 2477 810 2518 d‘Evreux
831 2481 864 2517 le
886 2483 907 2517 4
931 2480 1070 2516 sevrier
1090 2483 1208 2525 1465,
1231 2481 1346 2517 Balue
1366 2481 1419 2515 sut
1440 2487 1559 2515 trans-

155 2545 231 2581 fere
258 2558 305 2581 au
331 2547 429 2596 siege
454 2547 636 2596 d‘Angers
662 2560 728 2596 par
751 2546 872 2582 bulles
892 2546 943 2582 du
966 2548 985 2581 7
1003 2545 1125 2592 ju1llet
1148 2548 1265 2583 1467.
1300 2545 1388 2581 Voir
1415 2557 1457 2580 ce
1488 2557 1561 2592 que

155 2607 314 2643 l‘auteur
340 2621 361 2644 a
393 2608 474 2654 ‹lejii
505 2608 558 2645 dit
586 2608 632 2645 de
657 2609 708 2644 lui
729 2608 823 2645 dans
848 2622 916 2644 son
942 2610 1103 2644 Histoire
1124 2610 1171 2643 de
1197 2609 1308 2644 Louz's
1335 2610 1416 2645 Xl,
1451 2616 1476 2644 1.
1501 2609 1558 2648 11,

158 2681 193 2716 p.
220 2670 291 2704 187
313 2677 350 2704 et
370 2670 460 2711 ⁶210,
483 2676 518 2704 et
538 2668 740 2713 ci-dessus‚
762 2683 800 2717 p.
825 2670 914 2705 173.
