1875 2956
692 206 831 240 LIBER
867 204 1063 240 SEXTUS.
1529 210 1574 242 77

177 294 225 338 in
259 293 455 353 longum
489 293 553 337 eis
581 294 862 356 permansit3
892 308 1002 338 nam
1027 291 1168 355 paulo
1192 299 1319 352 post,
1347 306 1455 335 cum
1480 292 1573 337 dux

177 369 389 425 Austriae,
432 368 688 416 Hollandiae
728 370 970 433 princeps,
1017 368 1065 411 in
1102 365 1400 412 Hollandiam
1441 367 1574 427 traje-

176 445 338 491 cisset¹
365 462 472 490 cum
501 447 653 509 parvis
683 445 942 492 admodum
971 443 1139 506 copiis,
1166 443 1369 488 exterriti
1398 443 1577 504 Trajec-

176 531 343 581 tenses,
371 538 490 583 quos
512 521 690 566 exsules
715 537 873 565 secum
897 518 1204 577 adduxerant,
1231 528 1276 564 et
1301 536 1396 564 non
1420 519 1575 564 minus

174 596 235 643 ab
271 597 365 657 his,
412 598 492 660 qui
528 597 585 642 de
627 596 819 642 adversa
863 596 1063 642 factione
1095 605 1227 641 erant
1271 595 1317 640 in
1357 596 1535 658 oppido
1559 633 1571 655 ,

174 690 316 736 quam
350 690 378 720 a
410 673 631 737 principis
670 672 910 717 invasione
947 671 1275 731 formidantes,
1312 672 1573 733 Trajectum

174 767 283 795 cum
314 750 469 814 praeda
506 764 647 810 quam
680 747 907 808 fecerant,
954 747 1253 811 repedarunt.
1292 751 1349 792 Et
1387 748 1452 793 510
1487 765 1572 812 op-

172 827 336 889 pidum
365 829 411 872 in
433 826 675 890 pristinam
709 824 971 872 libertatem
1000 824 1087 872 sub
1122 825 1346 888 principis
1380 841 1574 871 manum

173 919 226 949 30
260 913 536 967 potestatem
572 911 811 965 receptum
847 912 942 962 est,
981 902 1136 964 ejectis
1177 912 1257 948 aut
1292 901 1574 964 fugientibus

170 981 287 1039 illis,
314 981 394 1043 qui
416 980 463 1025 in
490 978 605 1025 illud
628 978 817 1024 fortuito
835 979 848 1000 ²
870 978 1149 1041 irruperant.

624 1160 961 1205 CAPITULUM
995 1160 1115 1202 XXI.

168 1291 359 1335 Quomodo
377 1291 541 1325 dominus
557 1291 600 1324 de
618 1290 803 1337 Egmunda
820 1290 1041 1324 Dordracum
1056 1291 1201 1336 subegit,
1217 1290 1479 1324 Hoeckensibus
1491 1290 1572 1325 inde

213 1349 339 1394 pulsis;
357 1357 388 1382 vt
407 1347 450 1381 de
467 1347 610 1381 decretis
626 1355 658 1380 et
671 1346 841 1380 mandatis
855 1346 953 1380 ducis
966 1347 1111 1380 Austriae
1127 1354 1247 1380 contra
1259 1347 1527 1392 Trajectenses³.

230 1459 355 1503 Juvit
378 1459 488 1503 huic
516 1457 766 1520 Leydensis
786 1455 949 1519 oppidi
973 1456 1315 1519 recuperationi
1344 1474 1441 1502 non
1468 1474 1572 1504 mo-

166 1534 340 1591 dicum,
363 1534 492 1597 quod
512 1534 599 1579 illis
622 1533 788 1579 diebus
802 1532 997 1594 contigit
1016 1533 1063 1577 in
1084 1533 1262 1596 oppido
1280 1534 1567 1580 Ι)01(11300”.

166 1613 282 1657 Nam
303 1627 412 1656 cum
435 1611 556 1656 1111115
580 1611 672 1656 1001
699 1610 822 1655 cives
844 1620 889 1655 et
913 1619 1116 1655 rectores
1142 1609 1202 1655 ab
1226 1611 1423 1673 antiquo
1447 1612 1572 1658 velut

165 1687 307 1734 duces
353 1705 406 1734 ac
444 1688 690 1752 primiores
726 1687 929 1750 partium
971 1686 1318 1733 Hoeckensium
1359 1688 1572 1735 factionis

166 1763 301 1810 fuisse
326 1775 606 1824 asserantur,
640 1781 810 1827 easque
835 1773 990 1828 partes
1014 1764 1384 1826 pertinacissimo
1410 1766 1570 1811 animo

164 1843 418 1889 retinerent
453 1852 591 1904 atque
624 1842 867 1901 foverent,
903 1841 1140 1887 trahentes
1178 1842 1239 1888 ad
1270 1858 1317 1888 se
1346 1858 1400 1888 ac
1437 1842 1569 1905 pelli-

164 1919 337 1964 cientes
376 1919 447 1964 101
489 1917 778 1976 terroribus,
820 1917 892 1962 vel
936 1916 1175 1963 blanditiis
1209 1927 1348 1981 atque
1392 1919 1569 1964 suasio-

164 1994 326 2055 nibus,
356 1994 515 2058 quoad
539 2003 781 2058 poterant,
810 1994 899 2040 3113
923 1995 1080 2057 patriae
1105 1995 1279 2058 oppida
1300 2032 1310 2053 ,
1346 1996 1568 2059 pleraque

158 2072 256 2133 jam
291 2071 351 2118 al)
385 2072 499 2117 olim
527 2088 582 2116 ex
618 2071 728 2134 ipsis
760 2070 820 2116 ad
848 2087 985 2115 suum
1019 2087 1303 2117 consensum
1337 2073 1566 2136 perduxe-

164 2159 267 2195 rant
297 2150 458 2211 (veluti
497 2149 726 2212 oppidum
759 2147 817 2193 de
852 2147 1047 2207 Gouda,
1087 2149 1413 2209 Sconoviam5,
1454 2153 1565 2196 Rot-

164 2228 425 2273 terdamum
466 2237 511 2272 et
550 2227 640 2273 alia
680 2226 909 2272 nonnulla
950 2226 1083 2286 loca,
1129 2227 1176 2272 in
1214 2227 1385 2290 quibus
1427 2229 1564 2275 sactio

215 2372 252 2406 ¹1.
285 2369 453 2406 Pendant
472 2369 506 2406 le
523 2369 672 2405 careme
691 2367 736 2404 de
758 2368 832 2403 l’an
856 2368 972 2403 1481.
1000 2366 1168 2413 Molinet,
1190 2376 1215 2404 t.
1239 2370 1294 2414 II,
1316 2368 1377 2406 ch.
1399 2382 1533 2405 vam.

217 2434 252 2468 ⁶2.
284 2434 373 2477 Ms,
395 2433 563 2480 fortune,·
589 2431 739 2475 Matth.,
761 2432 868 2478 forte.

217 2495 252 2529 3.
284 2493 458 2544 Chaphre
484 2494 657 2543 imprime
685 2493 777 2529 dans
809 2492 862 2528 les
891 2494 1074 2527 Analecta
1105 2491 1151 2528 de
1179 2493 1374 2530 Matthaeus
1407 2502 1442 2529 et
1469 2493 1561 2530 113115

163 2553 428 2603 l'Amplissima
445 2560 620 2594 collectio.

218 2618 252 2652 [1.
287 2618 507 2654 Dordrecht.

219 2679 253 2712 53.
286 2677 519 2715 Schoonove.
