1875 2956
216 250 289 284 23⁸2>
794 249 1060 293 APOLOGIA,

278 337 411 381 Aliud
443 339 582 382 etiam
607 337 652 380 in
683 335 953 397 hujusmodi
983 335 1304 381 criminalibus
1330 337 1471 384 habet
1502 338 1619 399 ejus-

213 413 321 460 dem
343 416 500 478 patriar
520 412 830 469 consuetudo,
850 413 946 458 imo
968 413 1120 458 verius
1142 414 1403 476 perniciosa
1426 432 1619 478 corrup-

214 491 330 547 tela,
360 508 455 535 non
487 490 641 535 minus
674 490 890 552 iniquum
917 505 1060 552 quam
1086 489 1381 552 praecedens,
1408 491 1621 537 videlicet

213 568 359 631 quod,
384 584 490 613 cum
513 568 559 612 in
586 582 884 628 quacumque
908 566 1031 611 civili
1057 568 1328 628 quaestione,
1347 567 1487 612 etiam
1504 568 1620 614 duo-

213 662 318 690 rum
345 643 670 702 denariorum,
706 660 733 689 a
761 643 973 705 quolibet
1005 644 1274 705 gravamine
1307 659 1391 706 per
1415 643 1621 704 judicem

213 722 340 766 illato
366 721 438 766 vel
468 722 666 765 minimo
700 721 839 766 liceat
877 721 1137 785 appellare,
1167 722 1414 785 impetrata
1439 731 1622 768 tantum

212 815 352 862 super
385 798 479 843 hoc
512 798 663 844 littera
699 799 986 845 cancellarizc
1017 799 1174 861 regiae,
1208 815 1352 861 quam
1380 819 1400 841 c<
1432 798 1623 845 dolean-

213 876 325 920 tiam
354 893 372 918 t>
402 875 666 938 appellant,
695 885 740 920 et
769 892 866 921 non
897 875 1043 921 inodo
1075 875 1242 935 semel,
1277 875 1358 921 sed
1390 875 1626 921 interdum

214 951 444 1012 gradatim
462 985 472 1005 ‚
527 950 789 996 secundum
840 951 1280 997 subordinationem
1325 951 1538 1014 judicum
1581 960 1626 997 et

213 1028 468 1087 curiarum,
502 1027 642 1073 etiam
675 1028 926 1090 quinquies
958 1039 1038 1074 aut
1069 1028 1247 1074 sexies:
1276 1038 1432 1074 tamen
1466 1030 1513 1074 in
1537 1029 1626 1074 cri-

214 1105 375 1150 minali
396 1120 553 1164 causa,
585 1105 632 1150 in
663 1121 756 1167 qua
782 1105 839 1151 de
865 1105 1072 1151 hominis
1096 1106 1190 1152 vita
1213 1115 1259 1152 et
1287 1105 1431 1151 salute
1456 1106 1624 1168 agitur,

214 1198 302 1228 nec
335 1199 362 1228 a
393 1198 697 1245 quocumque
728 1184 998 1245 gravamine
1032 1183 1160 1228 illato
1194 1192 1300 1228 ante
1331 1182 1627 1229 diffinitivam

214 1277 297 1324 per
327 1259 537 1322 judicem
575 1259 865 1306 doleantiam
899 1261 1156 1323 impetrari,
1198 1276 1284 1306 nec
1319 1276 1346 1306 a
1380 1259 1629 1307 diffinitiva

213 1337 444 1382 sententia
461 1336 686 1383 damnato
707 1337 940 1400 appellare
955 1338 1076 1382 licet.
1098 1337 1238 1393 Quod
1253 1353 1395 1399 quam
1413 1337 1629 1400 iniquum

214 1424 257 1459 et
295 1431 322 1460 a
352 1414 468 1476 juris
502 1415 767 1460 communis
802 1415 1017 1476 aequitate
1055 1414 1291 1460 diversum
1331 1415 1410 1475 sit,
1454 1424 1629 1461 norunt

215 1508 380 1537 omnes
402 1492 483 1553 qui
502 1492 573 1537 vel
599 1502 790 1538 tenuem
817 1493 1024 1555 aliquam
1048 1493 1228 1539 habent
1249 1493 1366 1555 juris
1391 1493 1624 1557 peritiam.

217 1570 320 1612 Non
344 1568 471 1612 enim
491 1570 716 1614 damnato
739 1569 905 1614 ultimo
932 1570 1163 1632 supplicio
1187 1570 1520 1616 tantummodo
1544 1586 1628 1633 ap—

216 1643 387 1706 pellare
413 1643 691 1705 permissum
718 1653 803 1702 est,
836 1644 918 1689 sed
939 1645 1080 1689 etiam
1107 1643 1299 1689 cuilibet
1316 1661 1402 1707 pro
1423 1661 1503 1703 eo,
1530 1661 1626 1689 non

216 1720 368 1765 carnis
385 1729 429 1764 et
443 1720 684 1781 sanguinis
703 1730 886 1765 tantum
909 1720 1446 1782 necessitudinejuncto,
1465 1737 1630 1766 verum

216 1796 355 1841 etiam
382 1794 575 1840 cuilibet
599 1806 840 1841 extraneo.
869 1798 992 1840 Inter
1017 1811 1183 1841 omnes
1214 1812 1386 1859 nempe
1414 1796 1632 1842 homines

217 1874 436 1935 cognatio
455 1884 500 1919 et
518 1874 784 1919 communis
802 1873 1018 1936 quaedam
1035 1872 1329 1919 necessitudo
1350 1883 1419 1918 est
1438 1883 1632 1937 propter

218 1963 392 1998 naturae
427 1953 736 2011 consortium,
776 1969 831 1997 ex
861 1967 954 2014 qua
977 1950 1225 2013 cujuslibet
1258 1952 1479 1997 interesse
1509 1952 1632 2013 leges

216 2030 467 2075 voluerunt
505 2029 753 2074 hominem
803 2029 1106 2073 innocentem
1146 2045 1245 2073 non
1293 2028 1538 2086 damnari,
1587 2039 1632 2075 et

218 2117 409 2170 propter
436 2108 530 2152 hoc
553 2107 612 2152 ad
639 2106 977 2170 appellandum
1008 2123 1095 2169 pro
1125 2106 1367 2163 damnato,
1394 2106 1533 2151 etiam
1565 2106 1632 2151 in-

218 2185 333 2240 vito,
362 2200 749 2246 unumquemque
773 2183 1082 2228 decreverunt
1115 2182 1313 2228 admitti.
1346 2185 1474 2228 [nus
1505 2182 1630 2228 solus

220 2276 352 2305 casus
378 2270 597 2322 exceptus
621 2259 821 2318 xidetur‚
851 2258 933 2304 ubi
963 2275 1068 2304 reus
1091 2268 1258 2322 sponte
1286 2259 1461 2304 crimen
1487 2269 1555 2304 est
1583 2259 1629 2304 in

214 2336 318 2398 jure
354 2335 593 2380 consessus
629 2345 675 2380 etz
708 2335 911 2396 legitime
951 2335 1193 2381 convictus
1234 2345 1373 2397 atque
1415 2336 1630 2398 legitimis

221 2413 507 2474 argumentis
531 2422 791 2475 superatus.

285 2492 439 2546 Quam
470 2489 741 2552 periculosae
768 2504 879 2533 vero
911 2489 1003 2533 sint
1039 2488 1306 2551 hujusmodi
1331 2490 1630 2536 consuetudi·

220 2584 302 2612 nes
338 2567 657 2629 unusquisque
694 2575 850 2610 niente
879 2575 1132 2611 retractans
1156 2566 1280 2629 apud
1309 2584 1356 2612 se
1388 2566 1519 2612 facile
1550 2583 1630 2612 co-

222 2660 445 2704 gnoscere
477 2654 519 2691 et
555 2644 819 2689 discernere
847 2652 1013 2705 potest.
1051 2646 1166 2689 Nam
1198 2645 1232 2688 si
1269 2645 1354 2703 vir,
1381 2654 1630 2706 quantum-

222 2738 422 2784 cumque
451 2722 600 2783 justus
626 2731 670 2766 et
703 2721 946 2777 innocens,
978 2736 1144 2765 exosus
1169 2720 1303 2766 fuerit
1326 2721 1472 2766 alicui*
1484 2720 1630 2783 judici
