1875 2956
775 209 915 244 LIBER
957 208 1154 244 SEXTUS.
1611 212 1624 245 1
1637 212 1657 245 3

266 306 403 359 atque
427 296 636 342 officiarii
660 297 755 353 sui,
793 312 972 358 suoque
996 294 1247 341 assidentes
1270 292 1396 337 lateri
1416 329 1427 351 ,
1455 304 1500 337 et
1520 296 1659 341 veluti

265 374 541 436 principales
575 374 744 419 domus
781 391 895 429 suae,
930 372 1018 417 sibi
1059 371 1304 417 familiares
1342 370 1655 433 exsisterent),

264 449 355 494 hoc
377 460 531 495 tamen
551 451 742 495 minime
765 450 1012 511 impetrare
1030 448 1199 510 potuit,
1221 456 1402 492 tantum
1421 446 1480 492 ad
1497 463 1661 493 eorum

263 526 575 587 perditionem
600 525 908 571 multitudinis
931 523 1075 569 animi
1102 522 1386 568 ferebantur.

329 606 502 648 Contra
521 619 600 648 eos
620 603 773 663 igitur,
791 615 953 646 coram
972 600 1202 662 praedictis
1223 600 1383 663 oppidi
1401 599 1663 646 Gandensis

265 679 606 741 magistratibus
640 688 778 739 atque
815 676 1035 737 delegatis
1076 692 1102 722 a
1135 677 1272 721 variis
1303 686 1403 721 tum
1444 676 1657 739 oppidis,

264 765 362 800 tum
383 756 572 819 privatis
590 754 879 799 diversorum
898 763 1099 799 statuum
1120 762 1166 798 et
1182 753 1410 814 graduum
1431 754 1658 816 personis,

262 842 401 894 prout
428 846 812 892 unumquemque
843 830 1033 876 ultionis
1056 829 1114 875 de
1137 830 1246 892 ipsis
1275 830 1511 892 capiendae
1533 830 1663 892 cupi-

262 907 407 967 ditas,
450 908 522 952 vel
558 917 756 970 acceptae
797 906 856 951 ab
892 907 957 951 eis
990 906 1167 967 injuria]
1199 906 1460 951 recordatio
1501 922 1662 969 perur-

262 983 423 1044 gebat,
460 983 517 1028 de
550 983 742 1028 diversis
779 982 928 1027 causis
962 991 1007 1027 et
1041 981 1253 1044 capitulis
1293 982 1484 1043 quaestio
1518 982 1662 1028 habe—

261 1060 414 1106 batur.
460 1062 608 1124 Super
644 1059 815 1121 quibus
846 1075 954 1103 cum
993 1057 1074 1104 diu
1106 1059 1241 1116 satis,
1281 1058 1341 1104 ad
1370 1059 1663 1105 instruendas

262 1137 641 1182 criminationum
678 1152 862 1194 causas,
905 1136 1043 1180 etiam
1084 1151 1229 1197 usque
1260 1135 1316 1180 ad
1359 1137 1662 1197 quaestionem

261 1214 319 1260 de
356 1214 465 1277 ipsis
507 1223 769 1276 acceptam,
815 1229 1059 1275 processus
1101 1211 1330 1257 deductus
1374 1213 1663 1275 agitatusque

213 1327 225 1340 .
262 1291 447 1347 suisset,
475 1289 849 1351 duceremurque
886 1287 1073 1351 publice
1112 1287 1169 1333 de
1205 1288 1360 1332 multis
1389 1288 1664 1335 criminibus

262 1367 367 1412 satis
392 1365 665 1411 enormibus
698 1367 744 1410 in
768 1366 872 1426 jure
908 1365 1105 1410 confessi
1140 1373 1192 1409 et·
1215 1365 1441 1423 convicti,
1473 1365 1662 1411 tandem

261 1442 505 1505 capitalem
528 1442 804 1486 sententiam
827 1449 1108 1504 acceperunt
1130 1443 1157 1484 ¹.

325 1520 380 1561 Et
404 1517 616 1579 quamvis
635 1532 662 1562 a
685 1516 877 1562 diversis
906 1515 1042 1562 valde
1072 1514 1340 1561 differenter
1369 1516 1428 1563 de
1451 1517 1662 1580 capitulis

259 1593 539 1652 criminum,
573 1609 659 1656 pro
687 1592 861 1655 quibus
899 1592 1128 1655 supplicio
1158 1591 1412 1654 adjudicati
1446 1593 1658 1655 fuerunt,

259 1668 522 1729 referretur,
565 1668 674 1715 talia
708 1678 862 1714 tamen
884 1705 895 1727 ,
937 1669 1057 1713 inter
1092 1668 1267 1727 multa,
1301 1670 1444 1714 retexi
1484 1685 1512 1715 a
1552 1671 1662 1716 viris

259 1745 567 1808 prudentibus
589 1744 878 1804 audivimus,
905 1761 1007 1806 quae
1038 1744 1161 1806 leges
1183 1760 1387 1790 romanae
1411 1755 1662 1792 sanxerunt

260 1822 424 1869 ultimo
457 1822 685 1885 supplicio
722 1821 962 1885 punienda
989 1839 997 1866 ε
1029 1837 1302 1884 quanquam
1336 1821 1661 1884 hujuscemodi

259 1899 481 1962 pleraque
509 1900 616 1945 talia
646 1909 803 1958 erant,
840 1916 941 1960 quae
960 1936 971 1957 ‚
1011 1899 1130 1944 duce
1161 1900 1331 1944 Carolo
1369 1900 1628 1963 imperante
1646 1939 1657 1960 ‚

259 1977 451 2022 minime
473 1993 559 2041 pro
582 1977 777 2023 crimine
802 1975 1113 2022 ducebantur.
1142 1977 1278 2038 Atqui
1301 1977 1513 2040 profecto
1532 2015 1543 2037 ,
1578 1979 1661 2024 etsi

259 2053 317 2098 de
336 2054 547 2117 pluribus
570 2053 958 2100 concussionibus
976 2064 1022 2099 et
1045 2054 1427 2118 corruptionibus
1446 2056 1510 2100 rei
1535 2064 1661 2101 tene-

259 2140 435 2191 rentur,
463 2148 518 2177 ea
545 2141 699 2178 tamen
735 2131 975 2194 potissima
1007 2132 1111 2176 neci
1146 2141 1192 2176 et
1217 2131 1446 2194 supplicio
1476 2131 1662 2194 adjudi-

259 2208 396 2253 candi
425 2208 561 2254 fuisse
591 2225 617 2254 a
650 2207 1033 2271 prudentioribus
1055 2224 1197 2254 causa
1222 2206 1492 2271 putabatur,
1519 2225 1661 2270 quare

259 2300 340 2330 eos
373 2284 431 2330 de
464 2285 621 2331 medio
654 2285 822 2330 auferri
864 2285 1114 2329 multitudo
1152 2285 1384 2348 praecipue
1416 2285 1662 2330 affectabat

259 2361 405 2422 quod,
433 2362 492 2408 de
517 2362 814 2408 conciliando
838 2378 947 2406 cum
970 2378 1076 2423 rege
1098 2378 1282 2425 pacem,
1303 2371 1349 2407 et
1368 2361 1661 2425 copulando’

261 2454 391 2485 suam
420 2440 744 2503 principissam
778 2439 1080 2485 matrimonio
1109 2455 1218 2484 cum
1245 2438 1341 2484 filio
1375 2439 1498 2500 ejus,
1524 2438 1659 2484 affec-

262 2514 437 2560 tionem
457 2533 613 2577 gerere
637 2515 944 2562 aestimabant.

316 2621 352 2655 1.
383 2623 435 2657 Le
448 2621 550 2667 jeudi
569 2622 684 2668 saint,
708 2625 729 2658 3
751 2622 844 2658 avril
866 2624 981 2658 1477.

319 2683 354 2718 Ξ.
389 2684 641 2730 copulandam
660 2684 751 2719 dans
771 2683 804 2718 le
826 2696 894 2719 nis.
