1875 2956
237 262 313 297 280
809 257 1054 294 APOLOGIA
1072 286 1081 301 ‚

238 348 395 394 eunda
418 347 707 393 ducebamus
724 382 735 403 ,
767 355 816 390 ut
837 382 847 404 ,
872 346 908 390 si
933 346 1090 390 divina
1117 348 1394 394 concederet
1412 350 1636 413 dignatio,

239 427 408 490 prioris
433 424 657 487 temporis
689 423 1014 484 negligentias,
1039 438 1133 483 quo
1154 460 1164 481 ,
1189 422 1286 484 jam
1308 425 1355 469 in
1378 426 1542 472 eadem
1565 443 1640 473 ee-

241 505 380 550 clesia
417 502 715 548 residentiam
767 500 910 546 ferme
950 500 1172 545 continue
1215 501 1455 562 facientes,
1496 506 1642 568 ipsam

239 598 352 627 xv111
376 580 511 626 annis
545 594 837 637 rexeramus,
865 577 1171 640 propensiore
1200 587 1339 640 atque
1358 579 1643 640 vigilantiore

241 674 354 704 cura
382 657 728 719 detergeremus
759 665 898 717 atque
925 654 1299 700 emendaremus.
1336 658 1503 718 Magna
1536 676 1644 722 pro-

242 736 362 780 fecto
386 751 466 797 spe
492 735 540 779 in
566 735 773 780 Domino
805 732 1085 792 ferebamur,
1113 733 1149 777 si
1176 733 1255 778 illo
1277 733 1647 797 nobisquemad-

243 810 441 856 modum
464 819 685 873 perantea
710 809 910 855 residere
933 809 1182 871 tranquille
1207 809 1437 869 licuisset,
1467 810 1525 856 de
1547 821 1647 857 tan-

244 889 342 934 tillo
379 898 517 951 atque
546 889 712 949 exiguo
749 886 912 932 crediti
937 897 983 932 et
1005 886 1242 932 commissi
1271 886 1408 932 nobis
1438 887 1593 933 talenti
1623 906 1649 935 a

243 965 452 1011 Domino
482 964 675 1009 solerter
698 963 941 1025 negotiari,
969 973 1016 1007 ut
1031 997 1041 1017 ‚
1061 979 1169 1007 cum
1190 962 1382 1008 rationis
1402 962 1650 1010 reddendae

246 1042 373 1107 apud
387 1042 648 1088 districtum
668 1043 690 1085 J
695 1041 881 1086 udicem
894 1051 1079 1103 tempus
1094 1040 1359 1098 advenerit,
1377 1041 1529 1103 ipsum
1543 1059 1651 1088 cum

245 1121 440 1182 alicujus
470 1121 587 1165 lucri
614 1120 903 1164 incremento
931 1128 1245 1181 reportantes,
1281 1118 1338 1164 de
1363 1118 1455 1164 fide
1480 1129 1524 1165 et
1552 1120 1653 1166 dili-

247 1198 401 1259 gentia
437 1197 749 1261 potuissemus
779 1196 1120 1242 commendari.
1157 1196 1223 1242 Ad
1254 1196 1348 1242 hoc
1378 1197 1503 1242 enim
1536 1215 1651 1261 prae-

247 1275 382 1337 cipue
400 1284 443 1319 et
465 1273 694 1319 librorum
714 1274 1040 1332 instrumenta,
1063 1283 1108 1318 et
1123 1283 1285 1319 czetera
1305 1273 1365 1319 ad
1384 1273 1654 1335 hujusmodi

247 1351 613 1411 negotiationem
636 1367 722 1414 pro
742 1349 938 1396 modulo
964 1351 1133 1395 virium
1156 1367 1320 1413 parare
1355 1351 1537 1396 solliciti
1562 1350 1656 1397 fue-

249 1444 420 1473 ramus.
455 1428 839 1488 Verebamurque
868 1429 1069 1473 maxime
1104 1438 1149 1473 et
1179 1427 1365 1473 acribus
1399 1429 1507 1473 satis
1541 1443 1655 1472 con-

249 1505 449 1549 seientia»
484 1506 680 1549 stimulis
711 1504 1055 1567 pungebamur,
1086 1521 1143 1549 ne
1169 1504 1307 1549 nobis
1339 1504 1396 1549 ad
1437 1520 1655 1564 magnam

251 1581 559 1644 imputaretur
584 1582 731 1643 eulpae
759 1581 1012 1639 sarcinam,
1040 1582 1144 1637 nisi,
1173 1580 1281 1625 fidei
1312 1581 1474 1626 talium
1508 1579 1657 1625 aboli-

250 1658 434 1703 tionum
464 1658 686 1704 audacter
718 1674 804 1703 nos
833 1658 1177 1703 committentes
1201 1658 1217 1719 ζ
1220 1674 1321 1720 quae
1346 1657 1657 1719 indulgentia-

249 1751 353 1778 rum
391 1744 437 1779 et
470 1735 769 1779 securitatum
803 1733 1001 1778 sormam
1040 1734 1357 1796 plenissimam
1401 1733 1658 1795 praetende-

250 1810 401 1869 bant),
443 1810 573 1872 quod
608 1810 654 1853 in
679 1809 818 1855 nobis
855 1825 952 1854 esse
983 1819 1188 1872 poterat,
1229 1810 1286 1855 de
1323 1809 1566 1855 redeundo
1599 1810 1658 1856 ad

250 1887 492 1932 ecclesiam
537 1896 580 1932 et
615 1886 846 1949 pastorale
890 1886 1161 1931 exercitium
1207 1896 1431 1932 conatum
1467 1902 1658 1931 omnem

253 1973 391 2024 atque
425 1962 637 2009 debitum
670 1973 884 2008 nostrum
918 1963 1192 2008 faceremus.

318 2041 398 2085 His
435 2041 573 2101 igitur
608 2058 663 2085 ex
703 2041 852 2085 causis
900 2039 1114 2098 adducti,
1164 2040 1211 2085 in
1251 2040 1458 2085 Domino
1505 2039 1660 2101 potius

255 2133 397 2178 quani
410 2117 456 2161 in
475 2117 684 2162 mortalis
702 2117 927 2180 principis
941 2115 1332 2180 promissionibus
1349 2114 1655 2175 confidentes,

254 2210 479 2255 spemque
513 2204 659 2239 totam
695 2195 742 2238 in
781 2211 890 2238 eum
924 2203 1232 2257 reponentes,
1273 2194 1320 2237 in
1361 2193 1558 2255 patriam
1593 2210 1661 2238 re—

254 2270 450 2329 diimus,
500 2280 545 2315 et
577 2270 663 2315 sub
700 2271 818 2331 regis
859 2271 1087 2316 ditionem
1122 2287 1176 2315 ex
1216 2269 1465 2315 Brabantia
1501 2270 1659 2316 denuo

255 2347 577 2407 migravimus,
604 2347 751 2392 libros
779 2348 919 2391 etiam
955 2357 1093 2409 atque
1129 2346 1520 2409 suppellectilem,
1558 2365 1660 2409 quie

258 2422 394 2467 nobis
427 2424 586 2469 relicta
618 2440 716 2469 esse
751 2433 1028 2487 potuerant,
1056 2423 1193 2468 simul
1228 2423 1446 2469 facientes
1471 2424 1654 2469 deferri.

259 2503 374 2545 Nam
402 2516 570 2561 magna
595 2516 723 2562 pars,
759 2500 896 2557 dum,
936 2501 1071 2563 pulso
1099 2517 1320 2561 germano
1345 2518 1429 2545 suo
1456 2500 1514 2545 de
1542 2503 1659 2547 Nor-

258 2574 448 2618 mannia
466 2609 477 2631 ,
513 2574 805 2636 provinciam
833 2590 910 2618 rex
938 2583 1278 2636 occupaverat,
1310 2584 1506 2619 cesserat
1541 2575 1660 2619 mili-

257 2648 380 2693 tibus
403 2649 448 2693 in
474 2649 701 2711 przrdam,
727 2659 768 2693 et
796 2651 1126 2712 temporalium
1159 2660 1442 2712 proventus,
1478 2651 1524 2694 in
1551 2651 1660 2711 qui-

256 2724 345 2770 bus
360 2726 593 2789 praecipua
607 2725 808 2771 ecelesia*
834 2725 920 2770 (los
945 2727 1170 2786 consistit,
1191 2726 1249 2772 ad
1269 2742 1461 2773 manum
1486 2726 1658 2786 regiam
