1875 2956
222 237 295 272 134
584 230 922 271 HISTORIARUM
952 232 1186 268 LUDOVICI
1214 233 1267 269 XI

222 324 333 369 vino
360 322 598 369 abstinens
633 322 852 384 replesset
886 336 955 377 se,
999 329 1242 365 contracto
1275 322 1474 380 morbo,
1507 321 1625 368 infra

220 401 319 447 dies
341 410 449 447 octo
473 398 686 445 instabile
710 413 907 459 regnum
934 397 1072 442 simul
1090 411 1199 442 cum
1214 397 1306 442 vita
1329 398 1514 445 finivit¹.

289 481 392 541 lpso
418 488 574 524 autem
598 476 662 521 sic
691 476 785 521 vita
812 474 990 529 functo,
1035 474 1203 523 relictis
1225 475 1464 536 utriusque
1496 494 1628 523 sexus

219 555 408 612 liberis,
436 571 464 600 a
511 552 724 617 pluribus
752 550 1031 597 credebatur
1069 567 1265 612 regnum
1299 551 1358 596 ad
1395 553 1628 616 primoge-

220 632 371 676 nitum
397 631 533 691 ejus²‚
566 630 631 674 uti
667 644 751 691 par
788 627 1053 683 videbatur,
1084 643 1181 672 esse
1213 627 1511 688 (levolutum3
1549 632 1626 693 qui

221 723 328 752 cum
353 706 509 751 adhuc
530 704 795 750 minoribus
809 704 945 750 annis
959 713 1111 749 essent
1128 703 1457 765 hujuscemodi
1476 704 1627 763 liberi,

221 783 409 827 interim
443 782 595 827 donec
619 781 805 827 adultus
828 779 957 825 fieret
978 779 1129 841 major
1153 790 1200 824 et
1218 780 1277 825 ad
1306 780 1437 841 regni
1470 781 1632 826 mode-

221 860 453 905 rationem
484 858 706 915 idoneus,
733 874 817 921 per
842 867 1062 921 patruum
1090 873 1280 913 eorum,
1315 856 1485 901 ducem
1518 857 1632 903 Glo-

219 936 431 993 cestriae³‚
458 935 883 993 administraretur,
923 933 983 980 ad
1021 949 1189 995 quem,
1226 942 1453 993 tanquam
1496 949 1635 995 agna-

220 1013 349 1058 tione
412 1011 782 1075 proximiorem,
841 1009 1119 1055 eorumdem
1171 1008 1430 1054 liberorum
1492 1010 1633 1056 tutela

219 1090 425 1151 legitima
456 1087 737 1152 pertinebat.
774 1090 831 1132 Et
853 1087 948 1132 hoc
971 1086 1163 1148 quidem
1188 1096 1239 1131 ut.
1278 1086 1404 1131 idem
1442 1097 1634 1150 patruus

221 1167 447 1228 cogitaret
468 1165 528 1211 ab
553 1164 776 1210 omnibus
808 1163 953 1209 ferme
981 1164 1029 1208 in
1062 1163 1163 1226 ipso
1185 1179 1330 1224 regno
1362 1161 1628 1226 putabatur.

221 1243 354 1305 Atqui
369 1260 478 1288 cum
491 1242 683 1288 eosdem
704 1241 878 1287 liberos
893 1240 980 1286 sub
1001 1257 1195 1285 manum
1209 1257 1341 1286 suam
1359 1241 1630 1304 accepisset,

224 1337 320 1365 non
358 1320 507 1365 multo
544 1329 649 1383 post
684 1318 873 1380 qualem
896 1317 957 1363 ad
985 1333 1065 1363 eos
1086 1318 1298 1362 animum
1323 1317 1513 1379 gerebat
1538 1318 1634 1381 ipse

224 1397 494 1443 declaravit.
540 1399 632 1441 Nec
662 1411 828 1442 eorum
869 1404 1066 1440 matrem
1101 1394 1301 1457 impium
1338 1393 1546 1454 ejusdem
1581 1409 1636 1439 ac

225 1475 448 1536 injustum
487 1473 569 1518 diu
606 1472 901 1535 propositum
938 1472 1078 1516 latere
1114 1471 1290 1532 potuit3
1319 1487 1420 1531 quee
1459 1469 1634 1515 nedum

225 1552 314 1607 eis,
342 1550 422 1596 sed
447 1549 534 1595 sibi
573 1549 659 1612 ipsi
680 1549 819 1594 etiam
843 1549 1027 1604 timens,
1062 1547 1122 1592 ad
1145 1547 1304 1592 locum
1327 1563 1509 1592 sacrum
1550 1548 1636 1591 im-

228 1628 496 1683 munitatis,
548 1628 649 1671 vitae
691 1643 783 1670 suae
828 1625 1084 1671 securitatis
1121 1640 1281 1681 causa,
1328 1639 1374 1667 se
1409 1624 1631 1679 eontulit,

230 1704 567 1751 monasterium
602 1703 776 1748 scilicet
817 1702 944 1764 quod
978 1701 1359 1747 lsVestmomtiefl
1389 1700 1637 1761 vulgariter

230 1782 482 1846 appellant.

296 1861 360 1903 Ne
401 1866 559 1902 autem
592 1865 789 1901 conatus
820 1853 1028 1916 ejusdem
1070 1853 1242 1916 impios
1282 1851 1403 1897 ullus
1447 1851 1637 1897 auderet

230 1945 436 1982 avertere
453 1970 464 1992 ‚
494 1934 716 1980 dominos
741 1933 800 1979 de
825 1933 1001 1978 Rz'viers
1024 1942 1070 1977 et
1104 1931 1163 1976 de
1194 1930 1474 1994 Hastz‘nghe‘*
1499 1930 1636 1991 (quo-

231 2029 337 2057 rum
377 2012 491 2057 alter
531 2010 790 2057 avunculus
830 2009 1088 2055 liberorum
1129 2017 1249 2064 erat,
1290 2006 1429 2052 frater
1465 2006 1638 2051 scilicet

232 2090 427 2151 reginae)
477 2105 502 2134 e
550 2088 708 2135 medio
760 2087 966 2143 sustulit,
1016 2101 1203 2131 necnon
1254 2085 1370 2130 alios
1420 2099 1637 2146 proceres

231 2166 360 2227 regni
384 2181 502 2228 quos
530 2165 739 2211 similiter
760 2172 999 2227 suspectos
1023 2161 1246 2208 habebat.
1277 2159 1457 2205 Deinde
1490 2176 1635 2222 parvo

284 2344 321 2379 1.
355 2343 376 2376 9
396 2339 490 2378 avril
514 2342 628 2378 1483.

284 2405 321 2441 2.
353 2395 530 2439 E'douard
545 2432 555 2448 ‚
579 2402 647 2451 {ige
665 2400 711 2437 de
730 2401 848 2437 douze
868 2414 948 2438 ans.

285 2467 321 2502 3.
353 2463 537 2508 Richard,
561 2463 634 2499 duc
653 2463 700 2499 de
720 2463 925 2500 Glocester.

285 2530 321 2564 li.
353 2524 626 2562 Westminster.

286 2592 320 2625 5.
352 2587 514 2624 Antoine
540 2586 586 2623 de
613 2586 807 2635 Wydvile,
832 2586 1004 2636 seigneur
1024 2586 1069 2622 de
1088 2585 1212 2622 Scales
1232 2593 1265 2620 et
1288 2583 1334 2619 de
1358 2584 1489 2619 nivers
1507 2612 1514 2625 ,
1539 2583 1635 2619 frere

231 2651 277 2686 sle
300 2651 334 2686 la
353 2650 477 2694 reme,
507 2657 542 2685 et
566 2648 730 2684 william
756 2648 950 2697 liasting5‚
974 2647 1090 2697 grand
1115 2645 1351 2683 chambellan
1378 2645 1635 2694 d‘Angleterre

232 2721 265 2747 et
285 2724 528 2761 gouverneur
548 2710 594 2747 de
616 2710 749 2746 Calais.
