1875 2956
305 240 351 272 3⁷9⁸
661 239 998 276 HISTORIARUM
1027 240 1261 277 LUDovlcl
1289 243 1342 277 XI

304 344 384 372 eos
423 328 492 373 vel
527 327 768 372 communi
806 337 935 387 voto,
975 327 1045 372 vel
1079 344 1133 372 ex
1165 328 1385 373 condicto
1423 331 1486 374 sic
1512 344 1589 374 eas
1621 328 1699 372 de-

304 405 460 450 tulisse
490 405 712 463 intonsas,
748 404 907 466 quoad
944 404 1175 450 desiderio
1207 421 1310 458 suo,
1343 405 1399 449 de
1432 405 1700 451 invehendo

303 482 491 543 przrsato
517 480 828 541 Enghelberto
854 482 902 526 in
923 497 1056 527 suam
1080 481 1337 539 civitatem,
1357 481 1491 543 potiti
1509 517 1512 519 .
1531 482 1697 527 forent.

369 558 559 603 Intravit
582 558 720 619 igitur
737 558 970 604 civitatem
995 558 1147 621 vigilia
1164 557 1411 602 dominicae
1433 558 1700 618 nativitatis,

302 651 428 679 anno
454 635 642 680 Domini
669 652 979 696 MCCCCLxxxl,
1006 653 1113 681 cum
1148 651 1320 697 magno
1353 643 1596 680 auctorum
1635 637 1703 682 sui

302 711 530 757 adventus
552 721 598 756 et
624 713 848 776 imperitae
886 730 940 759 ac
958 714 1133 776 ignavie
1158 712 1307 776 plebis
1332 711 1577 774 applausu.
1616 713 1703 758 Sed

301 785 512 849 profecto
548 788 688 851 longe
708 790 840 835 aliter
882 791 1167 853 quicumque
1195 805 1372 851 graves,
1414 804 1571 833 rerum
1596 788 1707 834 divi-

302 879 469 909 narum
497 874 543 910 et
565 864 884 912 humanarum
919 867 1085 930 periti,
1128 866 1200 912 vel
1241 866 1449 910 humana
1491 864 1708 911 callentes

299 941 579 1003 prudentia,
602 960 700 988 rem
723 943 1067 990 existimabant.
1093 946 1185 989 Nec
1211 944 1353 1005 longa
1373 957 1532 1001 mora,
1567 942 1709 990 altera

300 1034 470 1081 nempe
497 1019 572 1065 die
600 1031 706 1084 post
736 1022 996 1067 solemnem
1017 1021 1268 1067 nativitatis
1291 1019 1539 1065 dominicae
1561 1019 1703 1080 diem,

299 1095 451 1141 insani
487 1096 613 1158 vulgi
639 1114 760 1144 vana
791 1098 1055 1159 exsultatio,
1082 1114 1225 1161 quam
1261 1097 1319 1143 de
1350 1112 1475 1142 novo
1504 1095 1710 1143 adventu

299 1171 368 1216 sui
401 1172 605 1219 ruwardi
639 1173 894 1234 duxerant,
933 1175 980 1219 in
1011 1175 1273 1221 lamentum
1305 1183 1351 1218 et
1389 1173 1568 1218 luctum
1593 1189 1707 1218 con-

300 1265 431 1295 versa
454 1259 542 1306 est3
572 1260 617 1296 et
640 1260 754 1296 tunc
772 1251 1072 1297 manifestum
1092 1250 1178 1296 fuit
1201 1251 1289 1297 utri
1313 1250 1371 1296 de
1394 1265 1480 1295 suo
1508 1248 1712 1295 adventu

299 1327 504 1372 veriores
528 1326 701 1372 suerint
739 1329 1069 1389 astimatores,
1097 1328 1224 1373 illine
1249 1326 1328 1389 qui
1356 1325 1398 1371 ei
1436 1325 1712 1388 plaudentes

299 1402 586 1464 arridebant,
623 1414 702 1450 aut
737 1406 817 1467 qui
841 1405 1074 1450 infelicem
1110 1404 1457 1464 infaustumque
1491 1402 1711 1449 eumdem

306 1496 401 1524 non
429 1479 723 1542 ambigerent
739 1499 836 1527 esse
857 1482 1066 1527 futurum
1080 1485 1106 1525 ¹.

364 1557 625 1620 Collegerat
641 1560 768 1605 enim
793 1570 904 1605 tunc
929 1559 1217 1621 gubernator
1231 1561 1488 1607 Hollandiae
1506 1599 1516 1622 ,
1535 1577 1709 1623 magno

300 1635 497 1693 gestiens
533 1637 693 1682 animo
729 1636 907 1682 diluere
940 1637 1246 1698 ignominiam
1278 1655 1419 1700 quam
1452 1639 1578 1702 apud
1608 1638 1710 1684 bas-

301 1710 446 1755 tiliam
461 1711 519 1756 de
547 1715 591 1756 V
589 1724 712 1768 aere,
750 1713 807 1759 ad
828 1714 977 1776 ripam
998 1714 1203 1759 {luminis
1218 1714 1400 1775 Leckae,
1421 1725 1527 1761 ante
1549 1731 1710 1779 passus

299 1787 447 1834 fuerat
470 1806 496 1835 a
518 1790 905 1852 Trajectensibus,
927 1793 1049 1837 circa
1076 1792 1163 1836 tria
1194 1792 1337 1837 millia
1362 1793 1601 1850 virorum;
1629 1793 1706 1855 qui

300 1882 353 1910 ex
377 1876 507 1929 parte
540 1868 717 1930 majore
750 1869 970 1915 militares
995 1879 1150 1926 erant,
1190 1879 1231 1913 et
1255 1870 1300 1914 in
1319 1869 1497 1915 bellicis
1520 1870 1707 1933 expedi-

300 1942 508 1989 tionibus
544 1955 683 2007 atque
733 1945 1143 2007 congressionibus
1183 1948 1382 2005 assueti,
1434 1948 1553 1992 inter
1591 1963 1710 2009 quos

301 2020 527 2082 capitanei
585 2031 627 2067 et
678 2021 820 2067 duces
871 2024 978 2068 satis
1033 2023 1223 2082 famosi,
1270 2022 1501 2081 marchio,
1551 2039 1709 2067 comes

304 2099 597 2161 Anixei-pia12,
627 2109 671 2144 et
704 2099 899 2161 quidam
929 2099 1170 2163 hispanus,
1194 2108 1509 2161 cognomento
1537 2102 1710 2145 Parvus

303 2174 545 2234 &claun-³,
582 2193 689 2222 cum
711 2187 838 2222 cerlo
878 2193 1075 2222 numero
1103 2176 1345 2222 Gallorum
1383 2186 1522 2238 atque
1550 2176 1709 2238 Hispa-

358 2355 393 2388 1.
426 2353 477 2388 Ce
497 2352 560 2401 qui
580 2352 652 2388 suit
673 2353 792 2389 forme
811 2366 862 2389 un
883 2352 1052 2402 chapitle
1070 2354 1089 2387 Ξι
1114 2360 1197 2401 part
1217 2350 1308 2388 dans
1331 2350 1540 2387 Maiibaeus.

356 2416 396 2452 2.
426 2416 496 2450 Jan
517 2427 589 2450 van
609 2417 730 2460 Rans,
754 2427 950 2465 margrave
969 2414 1167 2451 ‹lAnwrs

358 2478 393 2511 3.
421 2492 436 2508 ct
461 2478 538 2512 Een
570 2490 698 2513 vrocm
738 2477 947 2526 kapeteyn‚
984 2476 1043 2512 dio
1076 2476 1232 2526 gebeton
1260 2488 1334 2512 was
1362 2478 1472 2521 Petyt
1492 2478 1708 2518 Salemwt,

304 2537 400 2573 vnde
431 2537 539 2587 placli
572 2551 639 2573 een
667 2547 851 2588 capetcyn
879 2547 914 2574 te
943 2551 1065 2574 wesen
1103 2550 1195 2573 over
1226 2546 1333 2587 groot
1368 2537 1478 2574 volck
1507 2545 1613 2587 regen
1637 2537 1709 2573 den

304 2600 438 2636 omnine
473 2614 541 2636 van
577 2601 817 2649 Vrancryffl,
849 2600 946 2636 ende
982 2599 1116 2637 braclit
1150 2600 1217 2636 init
1252 2599 1336 2636 lieni
1368 2613 1484 2636 xxxiv
1522 2611 1607 2636 man
1647 2599 1711 2635 mit

304 2661 422 2696 stalvn
464 2661 607 2711 hogen,
647 2661 744 2697 ende
782 2675 904 2699 waren
950 2671 1014 2711 uyt
1051 2662 1244 2710 Biscayen.
1279 2678 1294 2694 1>
1339 2663 1526 2707 (Annales
1559 2675 1631 2696 rer.
1673 2665 1709 2695 in

306 2725 422 2763 ΗΜΛ,
451 2733 539 2762 οῖςη
572 2723 663 2759 (lans
692 2724 885 2760 Matthaeus
903 2753 911 2764 ,
935 2733 958 2762 t.
985 2726 1034 2767 ΙΙ,
1060 2738 1096 2774 p.
1123 2726 1203 2770 17).
1229 2724 1258 2760 Il
1279 2723 1331 2759 sut
1355 2723 1522 2770 umjours
1543 2723 1592 2759 du
1614 2722 1708 2772 parti
