1875 2956
284 234 330 268 64
637 231 975 268 HISTORIARUM
1004 233 1237 270 LUDOVICI
1266 235 1320 270 XI

348 319 524 366 Eadem
549 321 688 365 etiam
723 319 864 376 hora,
912 317 1291 382 archiepiscopus
1335 321 1544 380 Pisanus,
1583 320 1682 382 qui,

283 396 350 442 uti
373 395 593 454 diximus,
635 405 746 440 tunc
779 395 1021 440 Florentiae
1047 394 1207 440 aderat
1227 396 1326 456 (qui
1354 396 1411 441 de
1443 397 1615 443 familia
1643 406 1686 442 et

284 474 565 534 cognatione
590 488 756 517 eorum
778 481 902 531 erat,
929 472 1009 533 qui
1034 472 1315 535 principales
1347 472 1557 520 factionis
1580 490 1688 520 auc-

284 560 407 595 tores
453 550 624 611 erant‘),
663 549 755 593 suis
791 547 878 594 sub
916 548 1058 611 pallio
1098 549 1373 594 instructus¹
1398 551 1554 606 armis,
1577 567 1687 596 suo—

284 643 483 689 rumque
506 626 698 688 stipatus
746 624 1044 671 multitudine
1068 635 1380 685 armatorum,
1409 626 1469 671 ad
1487 627 1687 688 plateam

285 704 482 749 civitatis
505 704 728 762 accurrit,
762 704 990 765 impetum
1027 702 1085 747 ad
1121 703 1347 766 palatium
1384 702 1571 748 faciens.
1599 704 1687 749 Sed

285 793 517 823 concursu
542 787 728 822 armata*
760 776 1071 822 multitudinis
1101 794 1186 822 suo
1219 776 1461 822 frustratus
1495 776 1685 835 annisu,

286 863 447 915 captus
462 862 507 898 et
531 853 746 899 detentus
785 853 890 913 suit,
923 855 1015 899 suis
1040 853 1341 917 stipatoribus
1357 854 1527 917 partim
1544 855 1686 913 caesis,

286 930 455 992 partim
471 929 576 991 fuga
596 930 801 993 dilapsis.
830 931 994 976 Statim
1007 940 1163 976 autem
1187 931 1292 992 (nec
1312 930 1393 976 diu
1410 940 1686 990 asservatus,

284 1022 372 1068 pro
387 1022 443 1051 eo
468 1006 598 1068 quod
616 1024 738 1052 unus
760 1024 812 1052 ex
840 1008 1250 1070 principalioribus
1270 1007 1508 1053 seditionis
1527 1017 1686 1053 aucto·

285 1081 413 1127 ribus
433 1092 532 1128 erat
549 1119 560 1140 ,
583 1093 628 1128 et
663 1093 867 1129 armatus
898 1083 1217 1146 deprehensus
1253 1084 1369 1145 erat]
1393 1084 1530 1129 morti
1555 1083 1687 1146 adju·
1754 1117 1759 1121 ·

285 1160 483 1218 dicatus,
528 1160 700 1221 laqueo
750 1170 796 1205 et
833 1161 1087 1224 suspendio
1134 1161 1190 1207 ad
1230 1161 1475 1208 fenestram
1509 1164 1690 1207 Domus

285 1236 487 1282 Publieae
499 1238 513 1259 ‘²
532 1237 845 1299 strangulatus
866 1237 965 1283 fuit.

349 1317 520 1359 Tantus
544 1315 718 1379 quippe
749 1315 920 1361 horror
943 1316 1159 1361 onmium
1184 1332 1315 1378 paene
1344 1316 1512 1361 animis
1550 1316 1693 1361 inces-

286 1401 407 1437 serat
442 1392 638 1450 cix'ium,
683 1409 769 1456 pro
823 1403 918 1438 tam
958 1394 1177 1439 immanis
1215 1403 1261 1439 et
1301 1392 1509 1454 sacrilegi
1552 1408 1691 1438 ausus

286 1469 550 1525 atrocitate,
584 1470 705 1515 intra
727 1470 842 1514 illud
881 1469 1148 1516 venerabile
1170 1470 1255 1514 Dei
1294 1470 1519 1531 templum
1536 1505 1547 1527 ,
1575 1468 1688 1514 dum

286 1545 378 1590 illic
404 1562 534 1591 sacra
558 1547 805 1591 missarum
827 1546 1055 1592 solemnia
1077 1555 1341 1607 agerentur,
1371 1544 1593 1608 [admissi]
1627 1545 1689 1607 (et

286 1619 414 1684 [hoc]
441 1621 679 1667 crudelem
714 1622 903 1668 illorum
938 1622 1395 1685 improbissimorum
1417 1621 1690 1667 sicariorum

284 1697 532 1759 perfidiam
551 1696 815 1759 adaugebat
831 1736 842 1758 ,
876 1699 957 1760 qui
983 1699 1070 1745 sub
1089 1699 1384 1744 simulatione
1409 1697 1549 1743 officii
1574 1698 1689 1744 ami-

286 1775 402 1820 citiae
433 1785 476 1821 et
517 1777 834 1838 germanitatis
870 1776 973 1820 illos
1008 1776 1127 1822 duos
1169 1776 1331 1821 fratres
1371 1775 1430 1820 de
1475 1775 1686 1835 Medicis,

286 1852 404 1898 nihil
437 1852 533 1898 doli
558 1863 637 1898 aut
659 1852 864 1916 perfidia*
887 1853 1072 1916 penitus
1103 1853 1398 1912 meditantes,
1433 1852 1493 1898 ad
1531 1853 1691 1898 convi-

288 1930 496 1975 vandum
518 1929 644 1993 apud
669 1947 716 1976 se
737 1931 1026 1992 invitarant),
1051 1930 1222 1993 quodss,
1250 1939 1296 1976 et
1316 1929 1552 1991 dignitatis
1575 1945 1691 1992 pon-

287 2004 448 2064 tificis,
493 2016 539 2051 et
573 2023 814 2053 canonum
845 2016 1117 2053 sanctorum
1159 2006 1532 2051 consideratione
1568 2015 1691 2067 post-

287 2081 471 2140 habita,
511 2083 587 2128 irae
620 2093 665 2129 et
694 2083 1062 2130 abominationis
1096 2085 1321 2147 impetum
1355 2082 1558 2141 frenare,
1598 2081 1690 2128 fra-

290 2169 449 2220 grante
472 2161 627 2206 adhuc
646 2162 746 2225 ipso
767 2162 1015 2219 maleficio,
1036 2162 1228 2207 minime
1246 2170 1515 2224 potuerunt,
1540 2160 1690 2224 [quin]

288 2238 435 2294 eum&
462 2239 527 2282 uti
556 2238 733 2284 dictum
760 2250 851 2299 est,
878 2239 1068 2303 publico
1108 2237 1360 2301 suspendio
1393 2240 1686 2296 enecarent⁵;

348 2342 379 2376 1.
415 2344 606 2376 Ins-tractis
624 2341 716 2377 dans
736 2342 770 2378 lc
790 2356 860 2380 ms.

343 2403 381 2439 2.
414 2402 567 2438 Palazzo
587 2404 763 2441 Vocchio.

345 2466 380 2501 3.
413 2464 443 2500 Il
463 2477 487 2512 y
508 2477 529 2500 a
548 2469 637 2512 quia
663 2465 755 2501 dans
780 2464 813 2502 le
837 2478 906 2503 mS.
928 2468 1024 2502 Tout
1044 2477 1086 2502 ce
1110 2465 1278 2515 chapitre
1301 2479 1321 2502 a
1346 2467 1403 2503 ete
1425 2467 1451 2503 si
1474 2466 1548 2503 mal
1570 2475 1688 2504 trans-

291 2524 380 2570 crit,
408 2525 498 2574 qu⁷il
525 2525 619 2562 n'est
646 2525 808 2575 possible
836 2526 882 2563 de
905 2535 1100 2563 retrouver
1118 2526 1153 2562 le
1174 2539 1259 2563 sens
1284 2527 1372 2576 qu’z‘i
1393 2528 1494 2565 force
1519 2527 1565 2564 de
1583 2528 1689 2564 resti-

292 2596 443 2624 tullons.

345 2651 381 2684 li.
415 2651 503 2686 Cum
525 2649 617 2686 dans
637 2650 670 2685 le
691 2663 760 2686 ms.

345 2713 381 2748 5.
414 2713 628 2747 Enecarunt
646 2711 738 2748 dans
757 2712 790 2747 le
812 2725 879 2748 ms.
