1875 2956
769 280 909 314 LIBER
953 280 1150 315 PRIMUS.
1580 280 1646 314 341

256 380 394 426 supra
419 366 732 425 meminimus,
759 366 874 411 serre
901 376 945 411 et
966 367 1143 429 perpeti
1175 380 1360 411 necesse
1382 362 1650 410 habuimus.

258 443 350 485 Nec
378 451 566 504 expost,
609 442 715 487 licet
752 459 1032 503 magnorum
1065 443 1328 487 interventu
1358 439 1653 502 principum,

256 516 314 562 de
338 533 538 579 quorum
559 529 670 563 tunc
686 519 745 564 ad
766 535 920 579 regem
942 519 1162 579 singulari
1183 516 1499 563 benivolentia
1518 526 1657 577 atque

254 594 472 654 amicitia,
493 605 537 640 et
562 596 662 640 vice
678 611 825 653 versa,
852 595 1065 639 omnium
1092 595 1326 640 unanimis
1348 604 1444 639 erat
1474 594 1654 657 opini0,

256 670 324 715 usi
361 670 606 731 fuerimus,
652 672 730 733 qui
760 671 931 733 pluries
971 680 1016 715 et
1054 670 1234 716 vicibus
1266 671 1470 733 repetitis
1499 687 1659 734 preces

255 762 340 807 pro
375 746 511 791 nobis
549 746 697 791 facere
720 745 896 806 dignati
923 755 1053 803 sunt,
1090 745 1150 791 ab
1186 747 1288 809 ipso
1313 762 1419 807 rege
1446 746 1658 793 obtinere

254 824 495 884 potuimus
516 822 644 884 quod
661 822 798 867 vellet
820 822 1086 884 permittere
1105 838 1191 867 nos
1212 823 1259 867 in
1282 823 1477 868 ecclesia
1502 832 1659 868 nostra

254 900 325 946 vel
353 901 397 944 in
421 899 665 963 provincia
689 899 908 958 residere,
931 909 1009 945 aut
1033 899 1260 944 fructibus
1285 909 1329 945 et
1354 900 1661 963 proventibus

253 976 459 1038 ejusdem
494 984 660 1020 nostrae
684 975 886 1021 ecclesiae
910 976 1129 1038 gaudere.
1159 977 1507 1022 Tantummodo
1534 994 1660 1023 secu-

252 1053 435 1097 ritatem
456 1054 599 1096 unus¹
621 1067 707 1114 pro
733 1051 888 1112 nobis,
915 1069 1012 1098 non
1031 1053 1195 1113 exigua
1218 1069 1299 1099 seu
1321 1052 1396 1098 vili
1423 1054 1538 1116 stipe
1557 1052 1659 1116 [do-

253 1128 430 1191 natus],
451 1138 501 1173 ut
524 1145 663 1191 supra
681 1130 939 1194 retulimus,
959 1130 1162 1175 obtinuit
1182 1130 1311 1192 quod
1331 1147 1490 1177 secure
1512 1147 1659 1193 usque

253 1205 507 1250 Aurelianis
543 1206 700 1251 venire
734 1215 779 1251 et
811 1206 903 1251 illic
928 1207 1179 1252 consistere
1202 1223 1468 1270 possemuS‚
1494 1217 1660 1268 negata

251 1297 440 1343 prorsus
462 1281 662 1326 exeundi
687 1282 888 1341 licentia,
916 1292 1055 1345 atque
1078 1283 1170 1328 illic
1194 1284 1399 1346 opperiri
1425 1283 1578 1329 donec
1601 1284 1659 1329 de

251 1357 389 1402 nobis
427 1358 654 1419 quidnam
693 1375 770 1403 rex
815 1359 952 1404 vellet
990 1359 1088 1404 fleri
1124 1359 1195 1406 vel
1228 1359 1414 1422 disponi
1447 1360 1653 1422 juberet,

251 1433 656 1495 quemadmodum
675 1434 810 1480 latius
827 1444 871 1480 et
888 1435 1071 1497 plenius
1087 1449 1234 1497 supra
1250 1435 1549 1480 retexuimus.
1572 1435 1657 1479 Cui

252 1519 375 1555 certe
400 1520 494 1555 tam
514 1510 669 1555 crudae
689 1521 733 1556 et
757 1511 947 1573 ancipiti
972 1511 1205 1556 securitati
1231 1527 1318 1557 nos
1338 1511 1654 1569 committere,

251 1586 436 1632 attentis
460 1586 551 1631 fide
578 1596 623 1631 et
647 1586 854 1632 efficacia
883 1603 1071 1632 suarum
1098 1587 1474 1650 plenissimarum
1495 1588 1660 1633 securi-

250 1673 416 1721 tatum,
442 1679 584 1726 quam
612 1673 711 1708 tum
737 1664 784 1708 in
812 1661 951 1709 nobis
972 1663 1107 1726 ipsis,
1142 1673 1242 1708 tum
1264 1664 1310 1708 in
1332 1679 1474 1726 quam
1501 1664 1658 1710 multis

251 1740 350 1786 aliis
373 1740 793 1802 comperiemmus,
826 1740 1095 1784 consultum
1124 1740 1255 1785 nullo
1281 1739 1426 1786 modo
1453 1740 1551 1786 fore
1578 1758 1660 1804 pu-

251 1816 450 1861 tavimus
474 1833 559 1861 nec
574 1817 798 1861 {estimare
822 1815 1089 1874 debuimus,
1114 1817 1315 1862 maxime
1333 1826 1510 1862 attento
1528 1819 1656 1880 quod

253 1908 360 1936 suos
385 1891 690 1936 amicissimos
708 1890 995 1936 cardinalem
1015 1891 1395 1951 Andegavensem
1419 1903 1465 1938 et
1486 1896 1524 1938 V
1530 1893 1657 1939 irdu-

251 1984 444 2013 nensem
485 1968 782 2030 episcopum,
823 1983 963 2029 quem
1001 1968 1392 2030 promissionibus
1417 1969 1657 2015 honorum

252 2044 646 2106 amplissimorum
667 2043 725 2088 ad
739 2059 785 2088 se
804 2043 1054 2105 pellexerat
1076 2053 1121 2088 et
1141 2043 1198 2089 de
1217 2044 1366 2090 fratris
1383 2045 1453 2091 sui
1469 2046 1657 2092 servitio

250 2121 309 2166 ad
335 2137 472 2166 suum
497 2122 790 2179 attraxerat2,
821 2120 949 2165 nulla
980 2120 1045 2165 eis
1074 2120 1122 2165 in
1150 2121 1253 2182 jure
1281 2122 1519 2168 audientia
1544 2139 1658 2168 con-

252 2214 377 2244 cessa
399 2214 480 2243 seu
503 2198 742 2260 permissa,
770 2197 848 2256 ita,
875 2206 923 2241 ut
943 2213 1083 2260 supra
1106 2198 1364 2256 retulimus,
1389 2199 1572 2245 vinctos
1598 2210 1657 2245 te·

253 2274 392 2321 nebat
422 2284 467 2320 et
506 2273 662 2320 adhuc
704 2273 847 2319 hodie
883 2282 1026 2318 tenet.
1067 2276 1282 2330 Quorum
1317 2276 1449 2335 alter,
1487 2276 1660 2322 scilicet

306 2436 343 2470 1.
374 2437 425 2470 Le
451 2433 523 2469 sire
554 2432 600 2470 de
619 2433 821 2471 Chatillon.
844 2435 938 2483 Voy.
963 2433 1177 2480 ci-dessus‚
1200 2448 1238 2485 p.
1264 2437 1353 2473 327.

307 2500 344 2534 2.
375 2497 586 2534 Guillaume
614 2498 660 2534 de
684 2501 923 2534 Harauconrt
945 2498 1001 2534 fut
1027 2497 1074 2534 de
1093 2511 1189 2536 ceux
1216 2499 1282 2549 qui
1305 2499 1489 2537 §uix-irent
1519 2501 1554 2537 le
1585 2500 1657 2536 dne

253 2559 300 2596 de
325 2560 552 2596 Normandie
577 2560 746 2609 lorsqu⁷il
771 2558 922 2596 s’ensuit
945 2573 991 2596 en
1012 2562 1216 2611 Bretagne;
1247 2562 1339 2599 mais
1370 2563 1395 2599 il
1426 2563 1525 2599 avait
1555 2574 1659 2598 com-

253 2621 384 2658 mencc'
399 2634 466 2671 par
481 2635 519 2658 se
534 2634 747 2671 prononcer
769 2634 866 2671 pour
882 2621 917 2658 le
937 2621 992 2657 roi
1008 2621 1100 2658 dans
1122 2623 1155 2659 la
1170 2636 1305 2673 guerre
1325 2623 1374 2659 du
1395 2623 1485 2660 Bien
1505 2621 1634 2673 public
1648 2651 1657 2668 ,

252 2692 288 2719 et
322 2684 442 2718 meme
477 2683 564 2719 etait
593 2683 663 2718 alle
690 2682 724 2719 le
751 2682 903 2728 joindre
929 2695 976 2719 au
1007 2683 1108 2734 siege
1137 2683 1184 2720 de
1212 2686 1392 2735 Bourges.
1428 2687 1659 2721 Documeuis

253 2744 386 2780 ine'dits
402 2772 411 2788 ,
439 2746 633 2793 Μέῐαηςω
650 2772 658 2788 ,
692 2752 716 2779 t.
741 2745 796 2787 11,
824 2757 863 2793 p.
886 2745 977 2782 238.
