1875 2956
714 214 852 248 LIBER
897 212 1092 250 SEXTUS.
1555 215 1595 248 [Δ

211 300 434 363 quodque
465 301 571 346 totis
603 299 777 345 viribus
800 300 952 346 aditus
976 313 1166 355 omneS,
1192 312 1274 359 per
1296 312 1416 358 quos
1446 297 1604 358 hujus—

210 377 391 423 cemodi
421 377 572 423 vectio
600 387 643 422 et
667 378 884 422 transitus
916 375 1013 420 fieri
1043 383 1256 436 possent,
1293 384 1603 432 servarentur,

210 455 274 500 sic
309 453 436 515 quod
473 454 607 514 regiis
634 454 786 498 omnis
816 451 1104 497 inhiberetur
1135 465 1379 508 accessus,
1414 460 1609 495 conatus

212 541 365 576 tamen
392 534 400 554 ¹
427 530 565 592 hujus
588 528 752 593 [modi]
788 527 1001 573 effectum
1047 542 1144 571 non
1183 525 1363 572 habuit.
1397 526 1610 572 Collectis

211 608 337 652 enim
376 624 429 652 ex
472 606 716 670 praesidiis,
757 620 859 666 quae
900 604 946 648 iu
972 603 1220 648 limitaneis
1258 603 1410 649 locata
1447 613 1607 661 erant,

213 685 477 747 quingentis
507 684 577 728 vel
609 683 832 726 sexcentis
862 681 1033 726 lanceis
1058 696 1166 725 cum
1195 681 1374 743 magnis
1402 680 1611 743 peditum

213 762 384 823 copiis,
420 760 563 804 duces
585 775 664 804 seu
688 758 915 821 capitanei
945 757 1055 819 regii
1077 757 1269 801 minime
1302 756 1502 801 inhiberi
1530 774 1614 820 po-

214 847 399 882 tueruut
425 836 484 882 ab
505 835 576 880 his
600 835 680 897 qui
702 835 795 880 hoc
818 850 915 880 esse
939 834 1103 880 facturi
1127 833 1453 897 sperabantur,
1477 835 1609 896 quin,

213 930 320 959 cum
354 929 525 974 magno
558 928 757 957 numero
793 928 1016 956 curruum
1042 921 1088 955 et
1121 912 1391 956 vectionum
1415 948 1424 965 ‚
1466 927 1615 956 anno-

215 1007 323 1036 nam
360 990 479 1047 vini,
516 989 764 1048 frumenti,
804 999 1167 1050 caterarumque
1207 1005 1362 1033 rerum
1405 1004 1616 1034 necessa-

214 1068 386 1113 riarum
429 1070 694 1112 Tornacum
750 1066 1047 1124 inveherent,
1093 1075 1137 1110 et
1184 1066 1249 1110 eis
1295 1064 1618 1111 subventionis

215 1154 483 1208 praestarent
518 1144 695 1189 solatia.
750 1142 892 1199 Quod
929 1159 1038 1187 cum
1077 1142 1289 1187 fecissent
1326 1142 1614 1201 incolumes,

215 1221 542 1285 postmodum,
574 1220 760 1265 nemine
784 1218 1060 1277 obsistente,
1090 1218 1149 1263 ad
1179 1235 1261 1264 sua
1294 1218 1550 1263 redierunt.

282 1301 335 1343 Et
359 1298 585 1359 quoniam
604 1312 658 1341 ex
678 1296 933 1341 vastatione
954 1305 997 1340 et
1019 1295 1238 1340 incendio
1260 1295 1476 1339 villarum
1498 1296 1620 1341 circa

215 1378 503 1432 Tornacum,
549 1377 835 1418 Francorum
865 1382 909 1416 et
942 1372 1309 1417 Tornacensium
1346 1373 1488 1417 animi
1523 1389 1620 1417 non

216 1466 382 1514 parum
407 1449 466 1494 ad
493 1449 720 1493 ultionem
746 1447 1023 1510 capiendam
1050 1447 1235 1492 fuerunt
1264 1449 1512 1507 concitati,
1536 1449 1621 1511 ipsi

216 1528 366 1571 vicem
405 1526 566 1586 utique
603 1524 752 1570 multo
781 1523 1250 1587 superexcedentem,
1288 1525 1546 1571 cremando
1579 1535 1624 1570 et

218 1600 483 1665 diripiendo
524 1600 656 1646 villas
693 1600 1060 1662 circumquaque
1101 1600 1330 1663 oppidum
1366 1601 1620 1652 insulense,

220 1681 495 1724 Cortracum
522 1687 567 1724 et
593 1677 941 1732 Auclenardalm
968 1677 1302 1740 rependerunt.
1331 1678 1470 1734 Quod
1499 1679 1625 1724 enim

222 1756 448 1801 damnum
472 1756 518 1800 in
543 1771 737 1799 suorum
764 1754 1070 1817 populatione
1100 1769 1320 1816 agrorum
1356 1755 1513 1800 inferri
1545 1772 1626 1818 po-

222 1842 395 1888 tuerat,
443 1847 641 1894 parvum
688 1841 826 1893 atque
865 1831 1084 1891 exiguum
1131 1842 1229 1877 erat
1272 1832 1625 1894 comparatione

221 1909 463 1955 hostilium
487 1909 851 1970 circumquaque
876 1917 1126 1964 terrarum,
1158 1909 1204 1953 in
1227 1925 1341 1970 quas
1362 1925 1442 1953 eos
1463 1925 1626 1971 perva-

226 1986 320 2047 gari
353 1995 397 2031 et
434 1984 613 2048 praedas
646 1994 785 2046 atque
822 1984 1039 2030 incendia
1071 2001 1206 2046 agere
1241 1986 1288 2030 in
1324 1995 1549 2048 promptu
1573 2001 1627 2031 ac

225 2062 440 2126 perfacile
488 2071 600 2106 erat.
649 2064 736 2106 Pro
782 2062 936 2124 parvis
977 2062 1162 2123 itaque,
1215 2079 1316 2125 quae
1360 2060 1623 2120 subierant,

226 2139 432 2194 damnis,
466 2138 565 2182 sine
591 2137 944 2200 comparatione
971 2138 1148 2199 majora
1171 2154 1225 2183 ac
1259 2137 1425 2183 latiora
1462 2137 1627 2184 refere-

228 2215 356 2262 bant.

293 2296 395 2338 Non
435 2302 591 2338 tamen
630 2308 815 2355 semper
853 2292 1046 2356 impune
1079 2301 1124 2337 et
1160 2291 1336 2355 absque
1377 2294 1445 2339 sui
1486 2293 1630 2338 detri-

223 2381 390 2418 mento
422 2371 469 2416 id
492 2371 641 2417 facere
674 2381 781 2417 sunt.
809 2371 1036 2434 permissi.
1074 2373 1192 2416 Nam
1216 2388 1324 2415 cum
1346 2370 1623 2433 aliquando,

232 2449 295 2492 uti
340 2459 604 2505 assuerant,
641 2449 762 2494 circa
798 2447 1123 2494 Audenardam
1159 2448 1445 2493 incursatum
1482 2447 1629 2491 venis-

234 2535 331 2569 sent
352 2559 363 2580 ‚
392 2525 448 2570 de
474 2526 582 2587 ipsis
610 2526 797 2571 Francis
819 2525 975 2588 plures
997 2525 1067 2571 vel
1093 2525 1216 2581 caesi,
1245 2525 1315 2569 vel
1341 2524 1460 2585 capti
1496 2539 1628 2567 man-

291 2694 325 2727 1.
362 2694 448 2727 Tam
469 2692 560 2727 dans
580 2693 613 2727 le
632 2704 723 2728 msc.
