1875 2956
272 227 347 263 238
832 230 1075 265 1111010011
1093 258 1102 274 ,

273 314 573 372 deberemus,
613 316 861 377 aliquantis
896 315 1083 373 diebus,
1125 317 1329 377 pericula
1370 320 1529 365 animo
1572 320 1669 365 vol-

272 403 453 449 ventes,
497 392 701 452 ambigui
745 392 1060 454 ancipitesque
1103 391 1333 437 hzrsimus.
1383 395 1670 442 Verebamur

271 471 395 515 enim
422 470 649 531 primum,
687 486 795 513 cum
819 468 864 513 id
904 468 1155 531 perlicere,
1186 469 1251 513 uti
1286 485 1370 531 par
1395 483 1532 533 esset,
1573 490 1668 519 non

273 562 538 608 possemus,
567 545 678 606 quin
708 544 845 590 nobis
877 554 1128 608 pratenses
1154 545 1312 603 dolos,
1340 547 1592 595 calumnias
1616 567 1669 595 ac

273 622 397 667 varia
421 631 465 665 et
490 621 790 667 multiformia
815 622 1059 667 molimina
1085 622 1425 684 intentatasque
1448 634 1492 668 et
1521 626 1668 671 inflic-

273 708 339 743 tas
361 698 706 760 persecutiones
740 709 1074 757 retexeremus,
1102 715 1184 757 ne,
1215 698 1262 742 id
1298 698 1510 745 faciendo
1542 703 1668 763 quod

274 774 463 834 rogasti,
492 774 782 833 gravioribus
804 792 889 820 nos
910 785 950 820 et
978 774 1324 820 sollicitioribus
1343 791 1397 821 ac
1417 777 1561 837 magis
1585 778 1671 823 for-

271 849 512 895 midolosis
536 852 751 912 periculis
772 852 1086 913 injiceremus,
1113 869 1255 914 quam
1279 852 1355 897 illa
1378 852 1550 897 suerint
1571 871 1671 915 quae

270 925 496 971 hactenus
540 929 770 990 perpessi,
814 928 903 973 hae
939 945 966 974 a
1006 928 1142 974 nobis
1191 939 1426 991 assumpta
1475 931 1672 991 peregri-

273 1004 487 1060 natione,
527 1004 802 1065 effugimus,
843 1006 1096 1068 pra-sertim
1136 1023 1245 1051 eum
1284 1005 1451 1050 talibus
1494 1015 1672 1068 patrata

273 1078 362 1122 sint
383 1077 680 1135 auctoribus,
702 1077 761 1123 de
784 1094 987 1140 quorum
1006 1079 1207 1140 justitia,
1237 1079 1327 1124 fide
1356 1095 1410 1124 ac
1440 1078 1672 1142 probitate

271 1154 411 1199 satius
429 1163 474 1199 et
487 1155 743 1200 consultius
759 1155 892 1200 silere
909 1171 1051 1218 quam
1069 1155 1245 1218 aliquid
1268 1156 1423 1217 eloqui
1441 1156 1488 1200 in
1509 1156 1673 1202 alteru-

271 1241 390 1277 tram
424 1242 603 1296 partem
631 1233 727 1278 fore
752 1233 1020 1292 videretur3
1047 1234 1184 1279 simul
1213 1234 1353 1279 etiam
1376 1233 1530 1296 quod,
1565 1251 1672 1280 cum

271 1309 436 1356 eadem
481 1310 747 1356 enarrando
795 1311 1024 1357 nonnulla
1051 1311 1242 1356 reticere
1278 1327 1374 1356 non
1406 1327 1669 1374 possemus,

272 1403 372 1447 quae
395 1386 455 1432 ad
481 1388 959 1450 quantulamcumque
980 1388 1125 1433 nostri
1148 1387 1610 1433 commendationem
1630 1399 1675 1434 et

272 1463 460 1509 laudem
495 1465 644 1511 facere
678 1467 971 1524 viderentur,
1014 1464 1296 1510 timebamus
1334 1482 1393 1511 ne
1422 1482 1476 1511 ex
1511 1482 1673 1511 eorum

273 1541 541 1587 recitatione
573 1542 827 1603 jactantiae,
868 1542 996 1586 velut
1028 1541 1286 1604 cujuspiam
1310 1542 1368 1586 de
1398 1558 1445 1586 se
1475 1542 1674 1587 inaniter

272 1616 534 1677 gloriantis,
563 1618 727 1663 vitium
756 1634 838 1663 5611
872 1627 1033 1662 notam
1060 1618 1402 1663 incurreremus
1427 1617 1499 1662 vel
1523 1619 1674 1663 incur-

272 1693 381 1738 risse
407 1703 695 1755 putaremur,
729 1703 865 1756 atque
898 1694 1037 1739 etiam
1069 1710 1123 1739 ex
1152 1694 1246 1739 hoc
1278 1694 1453 1757 pusillis
1482 1694 1674 1740 61111111-

272 1768 500 1815 mioribus
524 1769 756 1833 aliquibus
793 1770 938 1815 ruinae
971 1780 1110 1831 atque
1135 1770 1343 1816 scandali
1378 1771 1673 1815 occasionem

272 1846 600 1909 praeberemus.
641 1847 731 1893 Sed
768 1864 875 1892 cum
911 1863 935 1892 e
967 1846 1150 1892 diverso
1181 1857 1337 1892 mente
1370 1848 1670 1908 agitaremus,

273 1940 324 1967 ex
349 1934 509 1969 nostro
531 1925 686 1987 potius
710 1924 892 1969 silentio
917 1940 1059 1986 quam
1086 1923 1230 1969 verbo
1257 1923 1330 1969 vel
1357 1924 1528 1987 scripto
1554 1940 1675 1969 eam-

275 2000 381 2045 dem
407 2001 611 2047 scandali
635 2002 877 2047 materiam
902 2001 1053 2046 asferri
1078 2001 1317 2046 nonnullis
1351 2017 1516 2063 posse,
1544 2001 1674 2063 quod

273 2077 479 2138 ejusdem
515 2087 680 2123 nostrae
715 2078 1100 2141 peregrinationis
1128 2087 1171 2122 et
1204 2076 1264 2122 ab
1299 2077 1491 2122 ecclesia
1518 2087 1674 2122 nostra

274 2153 514 2214 absentia·,
554 2172 650 2201 non
692 2155 835 2201 modo
869 2155 1137 2218 probabiles
1173 2164 1311 2217 atque
1350 2153 1670 2213 rationabiles,

273 2232 352 2277 sed
372 2233 509 2278 etiam
533 2233 810 2278 necessarias
833 2233 1099 2295 ignorantes
1122 2248 1306 2285 causas,
1329 2231 1389 2276 ad
1409 2231 1673 2293 exemplum

273 2318 314 2353 et
343 2309 649 2354 imitationem
673 2309 844 2367 nostri,
872 2308 930 2353 ad
958 2308 1086 2353 facile
1111 2307 1388 2352 deserendas
1414 2306 1544 2351 sedes
1569 2323 1673 2352 suas

274 2395 316 2430 et
360 2385 445 2430 sibi
487 2385 683 2430 creditas
715 2385 1138 2430 administrationes
1173 2384 1327 2429 forsan
1367 2394 1553 2446 possent
1601 2385 1672 2430 in·

274 2462 399 2521 duci,
428 2471 466 2506 et
496 2478 546 2505 ex
568 2462 658 2505 boc
682 2461 740 2506 ad
767 2460 1022 2505 fulciendas
1040 2460 1194 2504 minus
1211 2460 1342 2520 justa*
1367 2470 1441 2505 aut
1470 2461 1672 2506 rationa-

272 2538 377 2584 bilis
401 2555 490 2584 sua·
513 2537 731 2584 absentiae
753 2553 913 2582 causas
950 2538 1259 2599 patrocinium
1288 2554 1520 2582 assumere
1548 2556 1557 2583 ε
1586 2555 1667 2595 116,

274 2633 325 2662 ex
351 2616 443 2663 hoc
473 2632 568 2660 uno
600 2615 748 2678 capite
787 2614 1046 2677 periculum
1074 2614 1218 2660 vitare
1251 2615 1487 2660 studentes
1513 2615 1671 2660 incau-

273 2695 383 2754 tius,
429 2696 473 2739 in
513 2693 638 2740 aliud
684 2693 938 2738 identidem
980 2702 1058 2740 aut
1105 2692 1307 2738 deterius
1352 2693 1666 2751 incurramus,
