<?xml version="1.0" encoding="UTF-8"?>
<!DOCTYPE html PUBLIC "-//W3C//DTD XHTML 1.0 Transitional//EN"
    "http://www.w3.org/TR/xhtml1/DTD/xhtml1-transitional.dtd">
<html xmlns="http://www.w3.org/1999/xhtml" xml:lang="en" lang="en">
 <head>
  <title>
</title>
<meta http-equiv="Content-Type" content="text/html;charset=utf-8" />
  <meta name='ocr-system' content='tesseract 3.04.00' />
  <meta name='ocr-capabilities' content='ocr_page ocr_carea ocr_par ocr_line ocrx_word'/>
</head>
<body>
  <div class='ocr_page' id='page_1' title='image "./histoiredesrgn03basi_0160.png"; bbox 0 0 1875 2956; ppageno 0'>
   <div class='ocr_carea' id='block_1_1' title="bbox 266 217 1307 254">
    <p class='ocr_par' dir='ltr' id='par_1_1' title="bbox 266 217 1307 254">
     <span class='ocr_line' id='line_1_1' title="bbox 266 217 1307 254; baseline 0 -2"><span class='ocrx_word' id='word_1_1' title='bbox 266 218 340 254; x_wconf 67' lang='lat' dir='ltr'>tos</span> <span class='ocrx_word' id='word_1_2' title='bbox 626 217 962 253; x_wconf 81' lang='lat' dir='ltr'><strong>HISTORIARUM</strong></span> <span class='ocrx_word' id='word_1_3' title='bbox 992 217 1227 252; x_wconf 90' lang='lat' dir='ltr'><strong>LUDOVICI</strong></span> <span class='ocrx_word' id='word_1_4' title='bbox 1253 218 1307 252; x_wconf 87' lang='lat' dir='ltr'>XI</span> 
     </span>
    </p>
   </div>
   <div class='ocr_carea' id='block_1_2' title="bbox 263 302 1666 430">
    <p class='ocr_par' dir='ltr' id='par_1_2' title="bbox 263 302 1666 430">
     <span class='ocr_line' id='line_1_2' title="bbox 264 302 1666 366; baseline -0.004 -13"><span class='ocrx_word' id='word_1_5' title='bbox 264 307 352 352; x_wconf 92' lang='lat' dir='ltr'>bus</span> <span class='ocrx_word' id='word_1_6' title='bbox 376 306 692 353; x_wconf 75' lang='lat' dir='ltr'>cardinalibus</span> <span class='ocrx_word' id='word_1_7' title='bbox 725 303 953 349; x_wconf 72' lang='lat' dir='ltr'>committi</span> <span class='ocrx_word' id='word_1_8' title='bbox 986 319 1103 363; x_wconf 84' lang='lat' dir='ltr'>aegre</span> <span class='ocrx_word' id='word_1_9' title='bbox 1133 302 1460 362; x_wconf 87' lang='lat' dir='ltr'>obtinuerunt,</span> <span class='ocrx_word' id='word_1_10' title='bbox 1496 305 1540 349; x_wconf 94' lang='lat' dir='ltr'>in</span> <span class='ocrx_word' id='word_1_11' title='bbox 1574 319 1666 366; x_wconf 86' lang='lat' dir='ltr'>qua</span> 
     </span>
     <span class='ocr_line' id='line_1_3' title="bbox 263 380 1274 430; baseline -0.005 0"><span class='ocrx_word' id='word_1_12' title='bbox 263 394 396 430; x_wconf 85' lang='lat' dir='ltr'>erant</span> <span class='ocrx_word' id='word_1_13' title='bbox 417 384 488 430; x_wconf 81' lang='lat' dir='ltr'>hae</span> <span class='ocrx_word' id='word_1_14' title='bbox 513 383 686 429; x_wconf 75' lang='lat' dir='ltr'>frivolae</span> <span class='ocrx_word' id='word_1_15' title='bbox 705 381 1055 426; x_wconf 82' lang='lat' dir='ltr'>criminationes</span> <span class='ocrx_word' id='word_1_16' title='bbox 1078 380 1274 426; x_wconf 88' lang='lat' dir='ltr'>insertae.</span> 
     </span>
    </p>
   </div>
   <div class='ocr_carea' id='block_1_3' title="bbox 674 588 1255 633">
    <p class='ocr_par' dir='ltr' id='par_1_3' title="bbox 674 588 1255 633">
     <span class='ocr_line' id='line_1_4' title="bbox 674 588 1255 633; baseline -0.003 0"><span class='ocrx_word' id='word_1_17' title='bbox 674 588 1010 633; x_wconf 77' lang='lat' dir='ltr'><strong>CAPITULUM</strong></span> <span class='ocrx_word' id='word_1_18' title='bbox 1053 589 1255 631; x_wconf 83' lang='lat' dir='ltr'><strong>XXVIII.</strong></span> 
     </span>
    </p>
   </div>
   <div class='ocr_carea' id='block_1_4' title="bbox 265 731 1668 824">
    <p class='ocr_par' dir='ltr' id='par_1_4' title="bbox 265 731 1668 824">
     <span class='ocr_line' id='line_1_5' title="bbox 265 731 1668 781; baseline -0.001 -14"><span class='ocrx_word' id='word_1_19' title='bbox 265 736 314 768; x_wconf 88' lang='lat' dir='ltr'>De</span> <span class='ocrx_word' id='word_1_20' title='bbox 333 742 470 767; x_wconf 84' lang='lat' dir='ltr'>moneta</span> <span class='ocrx_word' id='word_1_21' title='bbox 485 746 589 781; x_wconf 83' lang='lat' dir='ltr'>quam</span> <span class='ocrx_word' id='word_1_22' title='bbox 606 734 858 780; x_wconf 77' lang='lat' dir='ltr'>Enghelbcrtus</span> <span class='ocrx_word' id='word_1_23' title='bbox 877 732 957 766; x_wconf 91' lang='lat' dir='ltr'>cudi</span> <span class='ocrx_word' id='word_1_24' title='bbox 971 732 1064 773; x_wconf 83' lang='lat' dir='ltr'>fecit,</span> <span class='ocrx_word' id='word_1_25' title='bbox 1085 741 1116 765; x_wconf 90' lang='lat' dir='ltr'>et</span> <span class='ocrx_word' id='word_1_26' title='bbox 1136 731 1179 765; x_wconf 84' lang='lat' dir='ltr'>(le</span> <span class='ocrx_word' id='word_1_27' title='bbox 1198 732 1297 777; x_wconf 82' lang='lat' dir='ltr'>gestis</span> <span class='ocrx_word' id='word_1_28' title='bbox 1317 744 1379 777; x_wconf 89' lang='lat' dir='ltr'>per</span> <span class='ocrx_word' id='word_1_29' title='bbox 1397 744 1491 774; x_wconf 83' lang='lat' dir='ltr'>eum,</span> <span class='ocrx_word' id='word_1_30' title='bbox 1509 740 1609 777; x_wconf 87' lang='lat' dir='ltr'>atque</span> <span class='ocrx_word' id='word_1_31' title='bbox 1626 733 1668 766; x_wconf 70' lang='lat' dir='ltr'>de</span> 
     </span>
     <span class='ocr_line' id='line_1_6' title="bbox 749 788 1180 824; baseline -0.007 -1"><span class='ocrx_word' id='word_1_32' title='bbox 749 789 931 823; x_wconf 78' lang='lat' dir='ltr'>obsidione</span> <span class='ocrx_word' id='word_1_33' title='bbox 949 788 992 822; x_wconf 83' lang='lat' dir='ltr'>de</span> <span class='ocrx_word' id='word_1_34' title='bbox 1010 789 1180 824; x_wconf 79' lang='lat' dir='ltr'>Yselstein,</span> 
     </span>
    </p>
   </div>
   <div class='ocr_carea' id='block_1_5' title="bbox 263 926 1671 2751">
    <p class='ocr_par' dir='ltr' id='par_1_5' title="bbox 263 926 1671 2523">
     <span class='ocr_line' id='line_1_7' title="bbox 329 926 1671 991; baseline -0.001 -17"><span class='ocrx_word' id='word_1_35' title='bbox 329 931 438 974; x_wconf 90' lang='lat' dir='ltr'>Erat</span> <span class='ocrx_word' id='word_1_36' title='bbox 461 928 613 974; x_wconf 88' lang='lat' dir='ltr'>dictus</span> <span class='ocrx_word' id='word_1_37' title='bbox 639 928 978 991; x_wconf 78' lang='lat' dir='ltr'>Englielbertus</span> <span class='ocrx_word' id='word_1_38' title='bbox 1005 929 1234 987; x_wconf 89' lang='lat' dir='ltr'>intrusus,</span> <span class='ocrx_word' id='word_1_39' title='bbox 1264 926 1324 972; x_wconf 88' lang='lat' dir='ltr'>ab</span> <span class='ocrx_word' id='word_1_40' title='bbox 1350 927 1482 971; x_wconf 85' lang='lat' dir='ltr'>initio</span> <span class='ocrx_word' id='word_1_41' title='bbox 1500 926 1671 972; x_wconf 86' lang='lat' dir='ltr'>adven-</span> 
     </span>
     <span class='ocr_line' id='line_1_8' title="bbox 265 1003 1664 1068; baseline -0.003 -16"><span class='ocrx_word' id='word_1_42' title='bbox 265 1018 337 1052; x_wconf 89' lang='lat' dir='ltr'>tus</span> <span class='ocrx_word' id='word_1_43' title='bbox 368 1008 436 1052; x_wconf 91' lang='lat' dir='ltr'>sui</span> <span class='ocrx_word' id='word_1_44' title='bbox 475 1006 701 1068; x_wconf 81' lang='lat' dir='ltr'>quamdiu</span> <span class='ocrx_word' id='word_1_45' title='bbox 737 1008 859 1051; x_wconf 82' lang='lat' dir='ltr'>stetit</span> <span class='ocrx_word' id='word_1_46' title='bbox 887 1006 1108 1067; x_wconf 86' lang='lat' dir='ltr'>Trajecti,</span> <span class='ocrx_word' id='word_1_47' title='bbox 1139 1007 1186 1049; x_wconf 89' lang='lat' dir='ltr'>in</span> <span class='ocrx_word' id='word_1_48' title='bbox 1212 1004 1357 1048; x_wconf 87' lang='lat' dir='ltr'>domo</span> <span class='ocrx_word' id='word_1_49' title='bbox 1389 1003 1664 1066; x_wconf 87' lang='lat' dir='ltr'>episcopali,</span> 
     </span>
     <span class='ocr_line' id='line_1_9' title="bbox 263 1081 1666 1145; baseline -0.003 -16"><span class='ocrx_word' id='word_1_50' title='bbox 263 1086 370 1144; x_wconf 86' lang='lat' dir='ltr'>sita,</span> <span class='ocrx_word' id='word_1_51' title='bbox 403 1094 451 1129; x_wconf 86' lang='lat' dir='ltr'>ut</span> <span class='ocrx_word' id='word_1_52' title='bbox 491 1084 634 1129; x_wconf 87' lang='lat' dir='ltr'>moris</span> <span class='ocrx_word' id='word_1_53' title='bbox 669 1093 761 1143; x_wconf 85' lang='lat' dir='ltr'>est,</span> <span class='ocrx_word' id='word_1_54' title='bbox 795 1084 924 1145; x_wconf 83' lang='lat' dir='ltr'>juxta</span> <span class='ocrx_word' id='word_1_55' title='bbox 962 1082 1280 1128; x_wconf 69' lang='lat' dir='ltr'>cathedralem</span> <span class='ocrx_word' id='word_1_56' title='bbox 1313 1081 1578 1139; x_wconf 89' lang='lat' dir='ltr'>ecclesiam,</span> <span class='ocrx_word' id='word_1_57' title='bbox 1619 1082 1666 1126; x_wconf 94' lang='lat' dir='ltr'>in</span> 
     </span>
     <span class='ocr_line' id='line_1_10' title="bbox 263 1158 1668 1223; baseline -0.003 -18"><span class='ocrx_word' id='word_1_58' title='bbox 263 1176 406 1223; x_wconf 88' lang='lat' dir='ltr'>quam</span> <span class='ocrx_word' id='word_1_59' title='bbox 438 1159 584 1205; x_wconf 88' lang='lat' dir='ltr'>fuerat</span> <span class='ocrx_word' id='word_1_60' title='bbox 610 1159 668 1205; x_wconf 89' lang='lat' dir='ltr'>ab</span> <span class='ocrx_word' id='word_1_61' title='bbox 697 1160 795 1219; x_wconf 89' lang='lat' dir='ltr'>his,</span> <span class='ocrx_word' id='word_1_62' title='bbox 823 1160 901 1221; x_wconf 89' lang='lat' dir='ltr'>qui</span> <span class='ocrx_word' id='word_1_63' title='bbox 936 1176 1044 1204; x_wconf 86' lang='lat' dir='ltr'>eum</span> <span class='ocrx_word' id='word_1_64' title='bbox 1079 1158 1409 1216; x_wconf 85' lang='lat' dir='ltr'>accersierant,</span> <span class='ocrx_word' id='word_1_65' title='bbox 1442 1166 1668 1219; x_wconf 87' lang='lat' dir='ltr'>tanquam</span> 
     </span>
     <span class='ocr_line' id='line_1_11' title="bbox 265 1234 1669 1300; baseline -0.002 -19"><span class='ocrx_word' id='word_1_66' title='bbox 265 1239 413 1283; x_wconf 82' lang='lat' dir='ltr'>vicem</span> <span class='ocrx_word' id='word_1_67' title='bbox 434 1253 597 1297; x_wconf 77' lang='lat' dir='ltr'>gerens</span> <span class='ocrx_word' id='word_1_68' title='bbox 620 1236 852 1300; x_wconf 81' lang='lat' dir='ltr'>episcopi,</span> <span class='ocrx_word' id='word_1_69' title='bbox 878 1236 1135 1281; x_wconf 83' lang='lat' dir='ltr'>collocatus</span> <span class='ocrx_word' id='word_1_70' title='bbox 1156 1245 1202 1280; x_wconf 91' lang='lat' dir='ltr'>et</span> <span class='ocrx_word' id='word_1_71' title='bbox 1227 1234 1472 1280; x_wconf 87' lang='lat' dir='ltr'>adductus.</span> <span class='ocrx_word' id='word_1_72' title='bbox 1504 1237 1561 1278; x_wconf 77' lang='lat' dir='ltr'>Ut</span> <span class='ocrx_word' id='word_1_73' title='bbox 1585 1250 1669 1279; x_wconf 89' lang='lat' dir='ltr'>au-</span> 
     </span>
     <span class='ocr_line' id='line_1_12' title="bbox 263 1310 1670 1371; baseline -0.002 -13"><span class='ocrx_word' id='word_1_74' title='bbox 263 1323 356 1358; x_wconf 87' lang='lat' dir='ltr'>tem</span> <span class='ocrx_word' id='word_1_75' title='bbox 380 1331 475 1359; x_wconf 84' lang='lat' dir='ltr'>non</span> <span class='ocrx_word' id='word_1_76' title='bbox 498 1315 543 1358; x_wconf 83' lang='lat' dir='ltr'>in</span> <span class='ocrx_word' id='word_1_77' title='bbox 578 1329 784 1358; x_wconf 60' lang='lat' dir='ltr'>vacuum</span> <span class='ocrx_word' id='word_1_78' title='bbox 813 1312 1060 1358; x_wconf 80' lang='lat' dir='ltr'>accersitus</span> <span class='ocrx_word' id='word_1_79' title='bbox 1077 1312 1234 1371; x_wconf 78' lang='lat' dir='ltr'>fuisse,</span> <span class='ocrx_word' id='word_1_80' title='bbox 1262 1321 1340 1356; x_wconf 83' lang='lat' dir='ltr'>aut</span> <span class='ocrx_word' id='word_1_81' title='bbox 1360 1310 1472 1355; x_wconf 88' lang='lat' dir='ltr'>nihil</span> <span class='ocrx_word' id='word_1_82' title='bbox 1491 1321 1670 1355; x_wconf 83' lang='lat' dir='ltr'>assecu-</span> 
     </span>
     <span class='ocr_line' id='line_1_13' title="bbox 263 1387 1670 1452; baseline -0.002 -18"><span class='ocrx_word' id='word_1_83' title='bbox 263 1400 336 1434; x_wconf 85' lang='lat' dir='ltr'>tus</span> <span class='ocrx_word' id='word_1_84' title='bbox 375 1391 614 1452; x_wconf 83' lang='lat' dir='ltr'>potestatis</span> <span class='ocrx_word' id='word_1_85' title='bbox 648 1399 914 1452; x_wconf 86' lang='lat' dir='ltr'>putaretur,</span> <span class='ocrx_word' id='word_1_86' title='bbox 953 1389 1060 1451; x_wconf 80' lang='lat' dir='ltr'>ipsis</span> <span class='ocrx_word' id='word_1_87' title='bbox 1092 1387 1470 1449; x_wconf 76' lang='lat' dir='ltr'>suggerentibus,</span> <span class='ocrx_word' id='word_1_88' title='bbox 1512 1402 1670 1431; x_wconf 91' lang='lat' dir='ltr'>mone-</span> 
     </span>
     <span class='ocr_line' id='line_1_14' title="bbox 265 1465 1663 1526; baseline -0.002 -16"><span class='ocrx_word' id='word_1_89' title='bbox 265 1475 360 1511; x_wconf 83' lang='lat' dir='ltr'>tam</span> <span class='ocrx_word' id='word_1_90' title='bbox 385 1483 556 1511; x_wconf 67' lang='lat' dir='ltr'>novam</span> <span class='ocrx_word' id='word_1_91' title='bbox 571 1503 581 1523; x_wconf 90' lang='lat'><strong>‚</strong></span> <span class='ocrx_word' id='word_1_92' title='bbox 603 1475 848 1526; x_wconf 74' lang='lat' dir='ltr'>argenteos</span> <span class='ocrx_word' id='word_1_93' title='bbox 871 1465 1044 1509; x_wconf 79' lang='lat' dir='ltr'>scilicet</span> <span class='ocrx_word' id='word_1_94' title='bbox 1063 1475 1203 1526; x_wconf 87' lang='lat' dir='ltr'>atque</span> <span class='ocrx_word' id='word_1_95' title='bbox 1228 1480 1395 1510; x_wconf 87' lang='lat' dir='ltr'>aureos</span> <span class='ocrx_word' id='word_1_96' title='bbox 1421 1479 1663 1519; x_wconf 87' lang='lat' dir='ltr'>nummos,</span> 
     </span>
     <span class='ocr_line' id='line_1_15' title="bbox 263 1541 1667 1602; baseline -0.002 -15"><span class='ocrx_word' id='word_1_97' title='bbox 263 1560 348 1588; x_wconf 88' lang='lat' dir='ltr'>suo</span> <span class='ocrx_word' id='word_1_98' title='bbox 373 1543 565 1588; x_wconf 87' lang='lat' dir='ltr'>nomine</span> <span class='ocrx_word' id='word_1_99' title='bbox 592 1543 701 1588; x_wconf 91' lang='lat' dir='ltr'>cudi</span> <span class='ocrx_word' id='word_1_100' title='bbox 726 1542 875 1587; x_wconf 76' lang='lat' dir='ltr'>facere</span> <span class='ocrx_word' id='word_1_101' title='bbox 898 1558 1138 1602; x_wconf 78' lang='lat' dir='ltr'>aggressus</span> <span class='ocrx_word' id='word_1_102' title='bbox 1173 1551 1256 1586; x_wconf 89' lang='lat' dir='ltr'>est.</span> <span class='ocrx_word' id='word_1_103' title='bbox 1284 1541 1377 1596; x_wconf 86' lang='lat' dir='ltr'>Qui</span> <span class='ocrx_word' id='word_1_104' title='bbox 1403 1557 1512 1585; x_wconf 87' lang='lat' dir='ltr'>cum</span> <span class='ocrx_word' id='word_1_105' title='bbox 1535 1541 1667 1585; x_wconf 86' lang='lat' dir='ltr'>initio</span> 
     </span>
     <span class='ocr_line' id='line_1_16' title="bbox 264 1617 1666 1682; baseline -0.002 -18"><span class='ocrx_word' id='word_1_106' title='bbox 264 1629 541 1680; x_wconf 82' lang='lat' dir='ltr'>utcumque,</span> <span class='ocrx_word' id='word_1_107' title='bbox 580 1636 667 1682; x_wconf 89' lang='lat' dir='ltr'>pro</span> <span class='ocrx_word' id='word_1_108' title='bbox 707 1618 930 1664; x_wconf 87' lang='lat' dir='ltr'>attributo</span> <span class='ocrx_word' id='word_1_109' title='bbox 969 1619 1033 1664; x_wconf 85' lang='lat' dir='ltr'>eis</span> <span class='ocrx_word' id='word_1_110' title='bbox 1066 1635 1228 1675; x_wconf 85' lang='lat' dir='ltr'>cursu,</span> <span class='ocrx_word' id='word_1_111' title='bbox 1262 1617 1527 1663; x_wconf 86' lang='lat' dir='ltr'>tolerabiles</span> <span class='ocrx_word' id='word_1_112' title='bbox 1558 1617 1666 1662; x_wconf 85' lang='lat' dir='ltr'>suis-</span> 
     </span>
     <span class='ocr_line' id='line_1_17' title="bbox 263 1693 1670 1757; baseline -0.002 -17"><span class='ocrx_word' id='word_1_113' title='bbox 263 1706 387 1755; x_wconf 88' lang='lat' dir='ltr'>sent,</span> <span class='ocrx_word' id='word_1_114' title='bbox 418 1695 550 1740; x_wconf 88' lang='lat' dir='ltr'>brevi</span> <span class='ocrx_word' id='word_1_115' title='bbox 575 1705 733 1739; x_wconf 89' lang='lat' dir='ltr'>tamen</span> <span class='ocrx_word' id='word_1_116' title='bbox 756 1695 980 1757; x_wconf 85' lang='lat' dir='ltr'>temporis</span> <span class='ocrx_word' id='word_1_117' title='bbox 1005 1694 1232 1753; x_wconf 84' lang='lat' dir='ltr'>decursu,</span> <span class='ocrx_word' id='word_1_118' title='bbox 1260 1694 1336 1738; x_wconf 88' lang='lat' dir='ltr'>cui</span> <span class='ocrx_word' id='word_1_119' title='bbox 1365 1710 1483 1756; x_wconf 86' lang='lat' dir='ltr'>opus</span> <span class='ocrx_word' id='word_1_120' title='bbox 1511 1693 1670 1754; x_wconf 89' lang='lat' dir='ltr'>hujus-</span> 
     </span>
     <span class='ocr_line' id='line_1_18' title="bbox 264 1770 1664 1825; baseline -0.002 -8"><span class='ocrx_word' id='word_1_121' title='bbox 264 1772 393 1817; x_wconf 82' lang='lat' dir='ltr'>modi</span> <span class='ocrx_word' id='word_1_122' title='bbox 417 1771 643 1817; x_wconf 81' lang='lat' dir='ltr'>cudendae</span> <span class='ocrx_word' id='word_1_123' title='bbox 667 1782 867 1817; x_wconf 69' lang='lat' dir='ltr'>monetae</span> <span class='ocrx_word' id='word_1_124' title='bbox 900 1771 959 1816; x_wconf 88' lang='lat' dir='ltr'>ab</span> <span class='ocrx_word' id='word_1_125' title='bbox 988 1787 1045 1815; x_wconf 84' lang='lat' dir='ltr'>co</span> <span class='ocrx_word' id='word_1_126' title='bbox 1070 1771 1372 1815; x_wconf 84' lang='lat' dir='ltr'>commissum</span> <span class='ocrx_word' id='word_1_127' title='bbox 1404 1770 1664 1825; x_wconf 81' lang='lat' dir='ltr'>exstiterat,</span> 
     </span>
     <span class='ocr_line' id='line_1_19' title="bbox 265 1846 1668 1913; baseline -0.002 -19"><span class='ocrx_word' id='word_1_128' title='bbox 265 1859 358 1896; x_wconf 86' lang='lat' dir='ltr'>tam</span> <span class='ocrx_word' id='word_1_129' title='bbox 385 1848 629 1913; x_wconf 89' lang='lat' dir='ltr'>improbos</span> <span class='ocrx_word' id='word_1_130' title='bbox 664 1849 889 1911; x_wconf 82' lang='lat' dir='ltr'>percussit</span> <span class='ocrx_word' id='word_1_131' title='bbox 929 1858 1067 1910; x_wconf 81' lang='lat' dir='ltr'>atque</span> <span class='ocrx_word' id='word_1_132' title='bbox 1105 1847 1230 1905; x_wconf 74' lang='lat' dir='ltr'>fecit,</span> <span class='ocrx_word' id='word_1_133' title='bbox 1270 1857 1344 1905; x_wconf 88' lang='lat' dir='ltr'>ut,</span> <span class='ocrx_word' id='word_1_134' title='bbox 1389 1863 1486 1891; x_wconf 88' lang='lat' dir='ltr'>non</span> <span class='ocrx_word' id='word_1_135' title='bbox 1523 1846 1668 1892; x_wconf 87' lang='lat' dir='ltr'>modo</span> 
     </span>
     <span class='ocr_line' id='line_1_20' title="bbox 263 1923 1667 1987; baseline -0.003 -15"><span class='ocrx_word' id='word_1_136' title='bbox 263 1937 390 1972; x_wconf 77' lang='lat' dir='ltr'>extra</span> <span class='ocrx_word' id='word_1_137' title='bbox 410 1927 643 1971; x_wconf 67' lang='lat' dir='ltr'>civitatem</span> <span class='ocrx_word' id='word_1_138' title='bbox 667 1925 842 1987; x_wconf 87' lang='lat' dir='ltr'>ubique</span> <span class='ocrx_word' id='word_1_139' title='bbox 864 1942 890 1971; x_wconf 88' lang='lat' dir='ltr'>a</span> <span class='ocrx_word' id='word_1_140' title='bbox 914 1926 1093 1970; x_wconf 78' lang='lat' dir='ltr'>cunctis</span> <span class='ocrx_word' id='word_1_141' title='bbox 1118 1923 1482 1987; x_wconf 80' lang='lat' dir='ltr'>respuebantur,</span> <span class='ocrx_word' id='word_1_142' title='bbox 1512 1923 1593 1968; x_wconf 90' lang='lat' dir='ltr'>sed</span> <span class='ocrx_word' id='word_1_143' title='bbox 1620 1924 1667 1968; x_wconf 91' lang='lat' dir='ltr'>in</span> 
     </span>
     <span class='ocr_line' id='line_1_21' title="bbox 264 2000 1666 2062; baseline -0.003 -15"><span class='ocrx_word' id='word_1_144' title='bbox 264 2004 447 2048; x_wconf 81' lang='lat' dir='ltr'>civitate</span> <span class='ocrx_word' id='word_1_145' title='bbox 487 2002 641 2047; x_wconf 88' lang='lat' dir='ltr'>nullus</span> <span class='ocrx_word' id='word_1_146' title='bbox 674 2002 958 2047; x_wconf 82' lang='lat' dir='ltr'>solutionem</span> <span class='ocrx_word' id='word_1_147' title='bbox 981 2002 1028 2046; x_wconf 86' lang='lat' dir='ltr'>in</span> <span class='ocrx_word' id='word_1_148' title='bbox 1059 2000 1229 2046; x_wconf 86' lang='lat' dir='ltr'>talibus</span> <span class='ocrx_word' id='word_1_149' title='bbox 1266 2001 1469 2046; x_wconf 71' lang='lat' dir='ltr'>numinis</span> <span class='ocrx_word' id='word_1_150' title='bbox 1501 2016 1666 2062; x_wconf 88' lang='lat' dir='ltr'>accep-</span> 
     </span>
     <span class='ocr_line' id='line_1_22' title="bbox 265 2073 1670 2140; baseline -0.003 -19"><span class='ocrx_word' id='word_1_151' title='bbox 265 2088 361 2123; x_wconf 85' lang='lat' dir='ltr'>tare</span> <span class='ocrx_word' id='word_1_152' title='bbox 386 2078 544 2134; x_wconf 64' lang='lat' dir='ltr'>vellet,</span> <span class='ocrx_word' id='word_1_153' title='bbox 574 2077 653 2122; x_wconf 84' lang='lat' dir='ltr'>sed</span> <span class='ocrx_word' id='word_1_154' title='bbox 680 2078 877 2140; x_wconf 87' lang='lat' dir='ltr'>passim,</span> <span class='ocrx_word' id='word_1_155' title='bbox 907 2087 1132 2139; x_wconf 81' lang='lat' dir='ltr'>tanquam</span> <span class='ocrx_word' id='word_1_156' title='bbox 1163 2075 1376 2138; x_wconf 84' lang='lat' dir='ltr'>reprobi,</span> <span class='ocrx_word' id='word_1_157' title='bbox 1416 2073 1670 2119; x_wconf 83' lang='lat' dir='ltr'>refutaren-</span> 
     </span>
     <span class='ocr_line' id='line_1_23' title="bbox 264 2150 1669 2209; baseline -0.003 -10"><span class='ocrx_word' id='word_1_158' title='bbox 264 2164 339 2199; x_wconf 88' lang='lat' dir='ltr'>tur</span> <span class='ocrx_word' id='word_1_159' title='bbox 373 2153 432 2199; x_wconf 89' lang='lat' dir='ltr'>ab</span> <span class='ocrx_word' id='word_1_160' title='bbox 472 2154 709 2199; x_wconf 88' lang='lat' dir='ltr'>omnibus.</span> <span class='ocrx_word' id='word_1_161' title='bbox 750 2156 893 2199; x_wconf 84' lang='lat' dir='ltr'>Erant</span> <span class='ocrx_word' id='word_1_162' title='bbox 926 2153 1078 2209; x_wconf 90' lang='lat' dir='ltr'>enim,</span> <span class='ocrx_word' id='word_1_163' title='bbox 1119 2163 1168 2197; x_wconf 89' lang='lat' dir='ltr'>ut</span> <span class='ocrx_word' id='word_1_164' title='bbox 1199 2151 1411 2209; x_wconf 84' lang='lat' dir='ltr'>aiebant,</span> <span class='ocrx_word' id='word_1_165' title='bbox 1452 2151 1500 2194; x_wconf 87' lang='lat' dir='ltr'>in</span> <span class='ocrx_word' id='word_1_166' title='bbox 1536 2150 1669 2195; x_wconf 88' lang='lat' dir='ltr'>tertia</span> 
     </span>
     <span class='ocr_line' id='line_1_24' title="bbox 264 2227 1668 2294; baseline -0.003 -19"><span class='ocrx_word' id='word_1_167' title='bbox 264 2241 394 2294; x_wconf 88' lang='lat' dir='ltr'>parte</span> <span class='ocrx_word' id='word_1_168' title='bbox 421 2230 674 2275; x_wconf 73' lang='lat' dir='ltr'>deteriores</span> <span class='ocrx_word' id='word_1_169' title='bbox 704 2231 750 2274; x_wconf 88' lang='lat' dir='ltr'>in</span> <span class='ocrx_word' id='word_1_170' title='bbox 784 2230 1089 2274; x_wconf 74' lang='lat' dir='ltr'>aestimatione</span> <span class='ocrx_word' id='word_1_171' title='bbox 1116 2231 1239 2291; x_wconf 82' lang='lat' dir='ltr'>justa</span> <span class='ocrx_word' id='word_1_172' title='bbox 1271 2237 1315 2272; x_wconf 82' lang='lat' dir='ltr'>et</span> <span class='ocrx_word' id='word_1_173' title='bbox 1347 2227 1533 2284; x_wconf 84' lang='lat' dir='ltr'>valore,</span> <span class='ocrx_word' id='word_1_174' title='bbox 1582 2243 1668 2288; x_wconf 84' lang='lat' dir='ltr'>pro</span> 
     </span>
     <span class='ocr_line' id='line_1_25' title="bbox 264 2303 1668 2370; baseline -0.003 -18"><span class='ocrx_word' id='word_1_175' title='bbox 264 2323 360 2370; x_wconf 89' lang='lat' dir='ltr'>quo</span> <span class='ocrx_word' id='word_1_176' title='bbox 393 2317 443 2352; x_wconf 91' lang='lat' dir='ltr'>ut</span> <span class='ocrx_word' id='word_1_177' title='bbox 472 2323 658 2351; x_wconf 84' lang='lat' dir='ltr'>currere</span> <span class='ocrx_word' id='word_1_178' title='bbox 689 2305 915 2352; x_wconf 87' lang='lat' dir='ltr'>deberent</span> <span class='ocrx_word' id='word_1_179' title='bbox 947 2305 1256 2350; x_wconf 83' lang='lat' dir='ltr'>cudebantur.</span> <span class='ocrx_word' id='word_1_180' title='bbox 1287 2303 1423 2348; x_wconf 87' lang='lat' dir='ltr'>Unde</span> <span class='ocrx_word' id='word_1_181' title='bbox 1456 2313 1500 2348; x_wconf 89' lang='lat' dir='ltr'>et</span> <span class='ocrx_word' id='word_1_182' title='bbox 1533 2303 1578 2347; x_wconf 85' lang='lat' dir='ltr'>in</span> <span class='ocrx_word' id='word_1_183' title='bbox 1615 2319 1668 2348; x_wconf 88' lang='lat' dir='ltr'>ea</span> 
     </span>
     <span class='ocr_line' id='line_1_26' title="bbox 265 2380 1667 2446; baseline -0.004 -16"><span class='ocrx_word' id='word_1_184' title='bbox 265 2385 473 2442; x_wconf 83' lang='lat' dir='ltr'>civitate,</span> <span class='ocrx_word' id='word_1_185' title='bbox 518 2393 681 2446; x_wconf 60' lang='lat' dir='ltr'>prater</span> <span class='ocrx_word' id='word_1_186' title='bbox 726 2383 816 2428; x_wconf 87' lang='lat' dir='ltr'>alia</span> <span class='ocrx_word' id='word_1_187' title='bbox 852 2381 1186 2439; x_wconf 84' lang='lat' dir='ltr'>incommoda,</span> <span class='ocrx_word' id='word_1_188' title='bbox 1230 2381 1329 2443; x_wconf 86' lang='lat' dir='ltr'>ipsa</span> <span class='ocrx_word' id='word_1_189' title='bbox 1365 2380 1504 2425; x_wconf 87' lang='lat' dir='ltr'>etiam</span> <span class='ocrx_word' id='word_1_190' title='bbox 1546 2395 1667 2425; x_wconf 86' lang='lat' dir='ltr'>nova</span> 
     </span>
     <span class='ocr_line' id='line_1_27' title="bbox 264 2457 1414 2523; baseline -0.005 -17"><span class='ocrx_word' id='word_1_191' title='bbox 264 2470 450 2506; x_wconf 84' lang='lat' dir='ltr'>moneta</span> <span class='ocrx_word' id='word_1_192' title='bbox 473 2459 687 2523; x_wconf 84' lang='lat' dir='ltr'>pluribus</span> <span class='ocrx_word' id='word_1_193' title='bbox 714 2476 809 2504; x_wconf 90' lang='lat' dir='ltr'>non</span> <span class='ocrx_word' id='word_1_194' title='bbox 836 2460 999 2519; x_wconf 73' lang='lat' dir='ltr'>exigua</span> <span class='ocrx_word' id='word_1_195' title='bbox 1027 2458 1201 2503; x_wconf 83' lang='lat' dir='ltr'>(lamna</span> <span class='ocrx_word' id='word_1_196' title='bbox 1227 2457 1414 2502; x_wconf 56' lang='lat' dir='ltr'>invexit.</span> 
     </span>
    </p>

    <p class='ocr_par' dir='ltr' id='par_1_6' title="bbox 264 2532 1668 2751">
     <span class='ocr_line' id='line_1_28' title="bbox 328 2532 1668 2594; baseline -0.003 -14"><span class='ocrx_word' id='word_1_197' title='bbox 328 2537 458 2582; x_wconf 76' lang='lat' dir='ltr'>Aliud</span> <span class='ocrx_word' id='word_1_198' title='bbox 484 2537 646 2594; x_wconf 86' lang='lat' dir='ltr'>etiam,</span> <span class='ocrx_word' id='word_1_199' title='bbox 675 2552 733 2580; x_wconf 89' lang='lat' dir='ltr'>ne</span> <span class='ocrx_word' id='word_1_200' title='bbox 755 2536 918 2580; x_wconf 80' lang='lat' dir='ltr'>inutile</span> <span class='ocrx_word' id='word_1_201' title='bbox 942 2534 1027 2579; x_wconf 86' lang='lat' dir='ltr'>sibi</span> <span class='ocrx_word' id='word_1_202' title='bbox 1060 2534 1326 2578; x_wconf 90' lang='lat' dir='ltr'>dominium</span> <span class='ocrx_word' id='word_1_203' title='bbox 1351 2532 1581 2593; x_wconf 69' lang='lat' dir='ltr'>quaesiisse</span> <span class='ocrx_word' id='word_1_204' title='bbox 1605 2532 1668 2576; x_wconf 89' lang='lat' dir='ltr'>vi-</span> 
     </span>
     <span class='ocr_line' id='line_1_29' title="bbox 264 2609 1667 2674; baseline -0.004 -16"><span class='ocrx_word' id='word_1_205' title='bbox 264 2614 472 2670; x_wconf 85' lang='lat' dir='ltr'>deretur,</span> <span class='ocrx_word' id='word_1_206' title='bbox 511 2613 618 2659; x_wconf 89' lang='lat' dir='ltr'>satis</span> <span class='ocrx_word' id='word_1_207' title='bbox 647 2612 871 2674; x_wconf 87' lang='lat' dir='ltr'>injustum</span> <span class='ocrx_word' id='word_1_208' title='bbox 906 2622 951 2656; x_wconf 89' lang='lat' dir='ltr'>et</span> <span class='ocrx_word' id='word_1_209' title='bbox 977 2612 1147 2656; x_wconf 57' lang='lat' dir='ltr'>infame</span> <span class='ocrx_word' id='word_1_210' title='bbox 1186 2626 1304 2672; x_wconf 85' lang='lat' dir='ltr'>opus</span> <span class='ocrx_word' id='word_1_211' title='bbox 1341 2609 1508 2654; x_wconf 81' lang='lat' dir='ltr'>effecit.</span> <span class='ocrx_word' id='word_1_212' title='bbox 1551 2611 1667 2654; x_wconf 79' lang='lat' dir='ltr'>Nam</span> 
     </span>
     <span class='ocr_line' id='line_1_30' title="bbox 266 2684 1667 2751; baseline -0.006 -16"><span class='ocrx_word' id='word_1_213' title='bbox 266 2706 373 2735; x_wconf 89' lang='lat' dir='ltr'>cum</span> <span class='ocrx_word' id='word_1_214' title='bbox 401 2690 569 2736; x_wconf 60' lang='lat' dir='ltr'>accolae</span> <span class='ocrx_word' id='word_1_215' title='bbox 591 2688 832 2751; x_wconf 86' lang='lat' dir='ltr'>cujusdam</span> <span class='ocrx_word' id='word_1_216' title='bbox 853 2689 996 2747; x_wconf 72' lang='lat' dir='ltr'>villae,</span> <span class='ocrx_word' id='word_1_217' title='bbox 1026 2698 1072 2733; x_wconf 83' lang='lat' dir='ltr'>ut</span> <span class='ocrx_word' id='word_1_218' title='bbox 1098 2687 1156 2732; x_wconf 87' lang='lat' dir='ltr'>ab</span> <span class='ocrx_word' id='word_1_219' title='bbox 1184 2686 1409 2731; x_wconf 69' lang='lat' dir='ltr'>incendiis</span> <span class='ocrx_word' id='word_1_220' title='bbox 1429 2695 1473 2730; x_wconf 87' lang='lat' dir='ltr'>et</span> <span class='ocrx_word' id='word_1_221' title='bbox 1496 2684 1667 2747; x_wconf 84' lang='lat' dir='ltr'>rapinis</span> 
     </span>
    </p>
   </div>
  </div>
 </body>
</html>
