1875 2956
267 206 281 240 -1
295 207 341 241 76
632 204 926 241 HJSTORIARU
934 206 970 240 M
1002 206 1233 243 LUDOVICI
1259 209 1313 244 xl

266 295 392 356 pacis
426 295 540 340 inire
576 295 749 340 foedera
784 291 1026 355 cupiebat,
1066 292 1153 337 sibi
1193 294 1446 354 objectaret
1475 298 1672 359 qualiter

266 371 638 434 quamplurimos
663 370 897 434 principes
931 369 1061 430 regni
1094 369 1163 414 sui
1198 372 1435 432 promissis
1472 390 1499 419 a
1527 390 1574 419 se
1605 373 1670 418 eis

268 446 396 493 factis
431 448 683 506 fefellisset,
713 447 951 510 respondit
976 462 1022 491 se
1054 462 1162 507 erga
1194 446 1406 494 subditos
1435 467 1542 496 suos
1565 467 1672 514 pro-

268 524 414 569 missis
447 534 491 568 et
526 525 826 570 sacramentis
859 539 954 567 non
988 522 1144 584 ligari3
1185 523 1266 568 sed
1294 524 1331 569 si
1369 524 1508 571 fidem
1542 527 1672 573 alteri

268 601 358 660 regi
381 600 528 658 daret,
551 616 650 645 ean]
676 616 919 662 nunquam
943 600 1198 645 violaturus
1215 609 1347 644 esset.
1371 602 1511 656 Quod
1531 619 1672 665 quarn

268 693 431 722 verum
456 677 608 736 fuerit,
640 695 797 723 rerum
821 687 1014 722 eventus
1038 678 1192 739 ipsum
1215 693 1373 738 regem
1397 678 1669 741 Anglorum,

265 753 301 796 si
323 754 477 797 minus
501 763 639 798 antea
662 753 827 809 fuerat,
851 754 1099 799 certiorem
1122 753 1243 798 fecit.
1274 755 1383 798 Erat
1402 754 1527 798 enim
1549 756 1673 818 apud

266 846 430 875 omnes
456 830 600 874 ferme
624 831 859 893 principes
879 840 923 875 et
945 831 1175 889 nationes,
1197 840 1294 875 tam
1314 830 1675 878 christianorum

265 922 408 967 quam
431 906 719 966 infidelium,
759 908 841 969 qui
866 907 924 952 de
954 924 1011 952 eo
1036 906 1297 968 quidquam
1320 907 1589 964 audierant,
1617 909 1674 955 de

265 983 481 1045 perfidia,
510 985 824 1029 inconstantia
855 994 899 1028 et
929 984 1172 1046 fragilitate
1206 985 1574 1047 promissionum
1597 1003 1673 1031 ve-

262 1059 508 1105 hementer
531 1060 817 1106 diffamatus.

331 1140 477 1182 Porro
501 1138 537 1183 si
569 1138 617 1182 in
651 1138 834 1199 aliquos
865 1153 1077 1200 unquam
1110 1138 1409 1184 clementiam
1435 1148 1481 1184 et
1502 1140 1675 1186 miseri-

263 1214 474 1259 cordiam
502 1214 680 1273 fecerst,
709 1214 822 1259 tales
846 1214 1033 1259 fuerunt
1057 1231 1176 1276 quos
1207 1215 1279 1261 vel
1304 1232 1396 1261 suae
1414 1217 1675 1278 tyrannidis

263 1291 461 1338 idoneos
485 1291 770 1337 existimaret
795 1292 1050 1352 ministros,
1081 1300 1161 1338 aut
1187 1310 1391 1355 quorum
1415 1295 1675 1357 potentiam

264 1369 334 1413 vel
360 1369 625 1414 inimicitias
650 1370 833 1414 timeret
850 1369 1104 1415 incurrere.
1131 1373 1183 1415 In
1212 1371 1328 1416 alios
1352 1380 1525 1430 autem,
1557 1388 1676 1434 quos

265 1462 351 1490 nec
375 1446 435 1491 ad
459 1446 653 1507 hujusce
671 1463 764 1491 suae
786 1447 1096 1492 ministerium
1119 1448 1381 1509 tyrannidis
1405 1458 1556 1511 aptos,
1588 1464 1675 1493 nec.

263 1525 323 1570 ad
344 1525 667 1570 obsistendum
696 1535 911 1588 potentes
938 1525 1201 1589 reputabat,
1229 1544 1402 1572 saevum
1425 1544 1607 1590 semper
1630 1536 1674 1572 et

265 1601 504 1647 crudelem
535 1618 582 1647 se
606 1602 827 1648 ostendit.
996 1602 998 1604 ’

729 1808 1066 1852 CAPITULUM
1106 1810 1205 1853 xli.

652 1941 702 1974 De
723 1941 889 1987 sapientia
910 1954 970 1976 seu
986 1941 1171 1987 prudentia
1190 1943 1276 1988 ejus.

330 2059 524 2121 Sapiens
561 2075 734 2105 verone
769 2061 838 2105 vel
882 2060 1115 2124 prudens⁷
1154 2070 1234 2106 aut
1276 2059 1431 2122 potius
1465 2058 1668 2104 stultus?

267 2137 552 2197 Quanquam
583 2137 799 2182 nonnulli
823 2147 1131 2183 assentatores
1160 2135 1397 2181 interdum
1435 2151 1543 2179 enm
1567 2151 1674 2197 pru-

267 2212 593 2258 dentissimum
631 2214 958 2275 pra=dicarint,
1003 2224 1161 2259 tamen
1208 2229 1262 2258 ex
1315 2211 1672 2274 quamplurimis

267 2287 364 2349 ejus
387 2286 519 2331 dictis
544 2297 587 2332 et
619 2288 747 2332 factis
773 2298 865 2333 tam
889 2289 1080 2333 stultum
1110 2304 1157 2332 se
1187 2303 1284 2332 esse
1309 2285 1605 2349 approbabat
1628 2295 1675 2331 et

269 2365 470 2422 fatuum,
508 2373 557 2408 ut
587 2363 646 2409 ab
672 2365 837 2409 insano
864 2365 932 2410 vel
960 2365 1175 2409 demente
1210 2379 1376 2426 parum
1400 2362 1586 2408 differre
1609 2363 1674 2408 vi-

267 2443 469 2487 deretur.
506 2443 625 2486 Eum
655 2441 880 2497 fortassis,
921 2442 966 2486 in
999 2440 1237 2485 nonnullis
1269 2457 1350 2502 per
1379 2457 1487 2485 eum
1512 2440 1669 2501 gestis,

266 2517 487 2564 callidum
511 2527 588 2563 aui
614 2526 816 2562 astutum
836 2517 926 2563 dici
955 2534 1089 2581 posse
1113 2517 1281 2579 cuique
1305 2517 1449 2562 videri
1484 2527 1668 2580 possct3

268 2613 370 2657 quac
405 2606 558 2641 tamen
591 2594 716 2657 justo
757 2611 911 2640 rerum
946 2595 1208 2640 aestimatori
1242 2611 1338 2639 non
1374 2593 1434 2640 ad
1463 2592 1671 2639 officium

269 2672 553 2734 prudentiae,
581 2672 660 2717 sed
692 2672 846 2734 potius
881 2671 939 2717 ad
980 2672 1113 2727 vitia,
1144 2670 1401 2734 prudentiae
1438 2671 1671 2716 contraria
