1875 2956
690 231 834 266 LIBER
865 231 1131 266 SECUNDUS.
1536 235 1580 268 37
1589 235 1609 267 9

277 319 330 361 Et
352 316 600 377 siquidem,
638 317 717 362 ubi
751 319 898 363 victus
932 317 1149 363 habuerit
1174 315 1467 379 probabilem
1492 334 1612 363 cau—

208 408 307 438 sam
326 391 552 453 litigandi,
578 393 790 456 quamvis
811 408 1077 438 consonum
1105 401 1222 438 esset
1245 392 1337 455 juri
1362 401 1412 436 ut
1442 391 1502 437 ab
1533 409 1610 438 ex-

210 483 460 530 pensarum
499 469 893 515 condemnatione
947 469 1269 524 revelaretur¹,
1314 483 1410 512 non
1458 468 1613 513 minus

210 553 365 590 tamen
406 545 621 592 observat
656 546 874 608 praedicta
920 545 1081 607 iniqua
1120 544 1438 602 consuetudo,
1473 545 1611 590 etiam

208 617 291 664 ubi
322 622 578 666 constiterit
607 637 715 666 eum
748 620 925 665 nullam
954 619 1173 665 babuisse
1199 635 1388 665 causam
1418 636 1499 665 seu
1531 637 1612 684 ap-

207 698 467 759 parentiam
502 697 740 758 litigandi,
772 706 885 759 puta
914 696 949 741 si
981 695 1161 758 liquido
1194 694 1448 759 probatum
1478 697 1613 742 suerit

208 772 383 818 victum
416 772 733 818 adversarium
761 773 805 816 vi
830 787 912 817 sua
942 771 1234 834 possessione
1267 772 1503 834 spoliasse,
1532 790 1611 819 seu

207 848 477 894 deturbasse
497 849 568 894 vel
598 849 893 911 inquietasse.
919 849 1332 911 Qualitercumque
1355 850 1481 895 enim
1503 867 1613 912 aga-

206 935 298 984 tur,
325 925 502 971 nedum
524 925 583 970 de
607 925 916 988 proprietate,
950 926 1030 972 sed
1057 935 1102 970 et
1134 926 1192 971 de
1224 927 1515 989 possessione
1539 929 1609 974 vel

206 1002 515 1063 acquirenda,
542 1002 615 1048 vel
640 1002 909 1062 retinenda,
948 1003 1020 1048 vel
1053 1003 1397 1066 recuperanda,
1435 1003 1612 1067 absque

207 1077 302 1122 ullo
338 1077 523 1124 delectu
561 1078 734 1124 dictam
765 1079 1156 1125 consuetudinem
1193 1079 1466 1137 observant,
1504 1081 1613 1142 quia

206 1155 333 1201 nulla
354 1155 405 1200 fit
426 1155 760 1201 condemnatio
784 1172 1114 1218 expensarum.
1146 1159 1211 1200 Ex
1232 1172 1328 1218 quo
1352 1157 1506 1202 evenit
1530 1167 1577 1201 ut
1597 1194 1608 1216 ,

205 1231 609 1292 quemadmodum
638 1231 930 1277 consuetudo
965 1232 1252 1295 praecedens,
1280 1249 1382 1294 quae
1408 1242 1612 1278 transac-

205 1307 355 1353 tiones
375 1318 500 1352 metu
514 1324 663 1370 poenae
683 1307 923 1371 prohibet,
938 1318 1114 1372 coeptas
1134 1309 1276 1354 semel
1296 1309 1398 1354 lites
1414 1319 1494 1355 aut
1514 1310 1614 1356 lon-

206 1399 285 1445 gas
310 1384 450 1430 efficit
475 1395 554 1431 aut
579 1402 709 1448 paene
734 1386 1047 1444 immortales,
1074 1386 1137 1431 ita
1162 1386 1286 1445 haec,
1310 1403 1413 1448 quae
1436 1386 1613 1449 absque

205 1461 302 1506 ullo
327 1461 510 1507 delectu
532 1462 592 1508 ab
617 1463 831 1525 expensis
855 1462 1014 1507 eximit
1041 1463 1210 1522 victos,
1236 1463 1442 1509 infinitas
1462 1464 1614 1525 quoti·

206 1537 298 1595 die,
326 1539 457 1584 nullo
480 1538 732 1584 cohibente
756 1548 883 1583 metu
905 1538 1186 1584 refundendi
1211 1556 1453 1603 expensas,
1477 1540 1613 1586 faciat

206 1613 383 1660 oboriri
406 1625 452 1660 et
474 1615 704 1660 inchoari.
742 1615 833 1660 Sed
867 1616 977 1677 quia
1006 1615 1278 1677 hujusmodi
1312 1617 1612 1678 iniquissimae

205 1701 250 1737 et
278 1692 676 1754 perniciosissimae
705 1691 1070 1737 consuetudines
1096 1692 1336 1739 uberrima
1367 1710 1539 1756 pascua
1567 1705 1612 1740 et

205 1777 405 1829 quaestus
435 1768 665 1813 maximos
700 1768 938 1814 advocatis
974 1768 1175 1814 afferunt
1213 1778 1258 1814 et
1289 1769 1455 1816 officiis
1483 1770 1610 1831 judi-

207 1861 333 1903 cum,
360 1843 467 1889 ideo
488 1860 580 1903 eas,
603 1844 731 1889 velut
740 1862 754 1906 J
764 1854 903 1901 ustas,
922 1854 1016 1890 tam
1033 1845 1214 1907 judices
1231 1862 1373 1909 quam
1394 1846 1609 1893 advocati

205 1922 570 1984 pertinacissime
596 1920 849 1967 observant
871 1932 916 1967 et
942 1922 1218 1969 defendunt.

273 2001 376 2042 Uno
395 2007 553 2043 autem
568 1997 669 2043 solo
687 2013 797 2043 casu
814 2014 1039 2061 expensas
1062 2000 1272 2046 resarciri
1290 2002 1606 2060 consentiunt,

204 2076 396 2139 quando
420 2085 583 2121 contra
598 2075 838 2138 propriam
856 2075 1208 2137 obligationem,
1233 2094 1394 2124 coram
1416 2079 1609 2142 publico

204 2152 455 2199 tabellione
489 2162 738 2216 passatam,
778 2169 882 2198 reus
921 2154 1100 2200 venisse
1146 2156 1470 2202 convincatur.
1519 2157 1610 2203 Sed

203 2230 412 2294 profecto
439 2240 483 2276 et
512 2229 560 2275 in
583 2229 684 2275 aliis
707 2230 964 2276 innumeris
986 2231 1170 2278 casibus
1199 2233 1409 2294 quotidie
1432 2234 1480 2279 in
1511 2235 1609 2297 ipsa

204 2307 445 2368 provincia
467 2307 755 2370 comperitur
785 2308 931 2352 victus
953 2307 1132 2371 absque
1156 2308 1250 2354 ulla
1272 2308 1507 2371 probabili
1526 2325 1608 2371 ap—

205 2384 415 2446 parentia
447 2385 670 2446 litigasse3
713 2385 759 2429 in
790 2383 961 2446 quibus
988 2384 1123 2430 valde
1156 2385 1379 2447 injustum
1408 2396 1475 2431 est
1501 2402 1607 2431 eum

207 2459 254 2503 in
293 2459 478 2505 alterius
513 2460 729 2522 injuriam
764 2459 824 2506 ab
864 2476 1174 2524 expensarum
1211 2461 1608 2508 condemnatione

209 2537 416 2582 relevari.

265 2693 297 2725 1.
331 2690 504 2739 (lorrigcz
527 2693 758 2728 relevaretur..
