1875 2956
729 202 871 236 LIBER
902 200 1098 235 SEXTUS.
1564 203 1612 237 27

283 286 495 333 Habebat
527 286 718 348 quidem
751 303 855 333 eam
882 295 1088 349 partem,
1134 299 1236 345 quae
1265 284 1404 344 vulgo
1448 286 1616 331 Cix'itas

215 364 508 427 appellatur¹‚
548 362 657 421 sihi,
708 372 756 407 ut
787 362 1043 416 retulimus,
1088 360 1211 404 ultro
1247 358 1496 415 traditam3
1534 361 1613 405 sed

215 440 353 485 aliam
385 441 610 502 pai·tem²‚
648 455 750 500 quae
784 439 922 498 longe
963 437 1130 498 major,
1170 435 1446 498 populosior
1479 445 1616 497 atque

216 516 439 560 munitior
467 525 587 572 erat,
631 513 843 559 nondum
887 511 1109 557 habebat.
1152 513 1207 555 Et
1236 511 1367 556 initio
1395 511 1612 571 quidem,

215 608 324 637 cum
347 592 502 637 adhuc
525 600 730 654 speraret
752 590 930 634 (lictum
949 589 1327 646 matrimonium,
1347 589 1477 649 juxta
1499 587 1616 633 desi-

216 669 399 714 derium
443 685 601 723 suum,
644 666 814 712 debere
849 665 1031 729 pertici,
1073 665 1307 711 obtulerat
1349 665 1618 711 Atrebatem-

215 746 366 803 sibus,
408 756 503 791 tam
540 760 626 807 pro
661 760 708 788 se
741 760 882 805 quam
919 760 1004 805 pro
1036 743 1135 787 aliis
1174 742 1360 805 oppidis
1392 758 1446 787 ac
1487 742 1618 786 terris

215 825 461 869 comitatus
501 821 706 879 Artesiae,
740 822 777 866 si
813 820 900 866 sibi
920 836 1082 883 parere
1114 820 1309 876 vellent,
1342 828 1617 865 contentum

215 917 312 945 esse
331 915 508 962 ponere
530 897 746 943 custodes
778 898 993 942 locorum
1016 913 1096 942 seu
1137 897 1410 959 capitaneos
1436 906 1481 941 et
1503 896 1618 941 alios

216 975 436 1021 officiales
466 991 553 1037 pro
589 974 812 1035 regimine
850 983 896 1018 et
931 973 1305 1035 gubernamento
1348 972 1534 1035 patriae3
1574 982 1618 1018 et

214 1051 343 1114 quod
358 1060 612 1114 proventus
624 1050 843 1095 cederent
858 1050 961 1095 usui
978 1059 1117 1111 atque
1132 1049 1316 1094 utilitati
1330 1048 1481 1094 filiolae
1495 1058 1586 1094 suae
1602 1085 1612 1104 ‚

214 1129 276 1174 ita
298 1129 452 1190 quod,
480 1144 674 1173 munere
685 1127 837 1173 tutelae
856 1127 1066 1189 ejusdem
1090 1144 1180 1172 suae
1196 1125 1348 1171 filiolae
1364 1163 1374 1184 ‚
1393 1136 1618 1188 tanquam

214 1205 436 1251 dominus
459 1205 672 1267 superior
690 1214 734 1250 et
753 1204 1156 1265 consanguinitate
1180 1204 1492 1266 propinquus,
1517 1202 1618 1247 fun-

215 1284 434 1343 geretur³.
485 1285 636 1337 Quam
682 1281 973 1327 oblationem
1018 1297 1127 1326 cum
1170 1281 1257 1343 ipsi
1296 1279 1619 1325 Atrebatenses

215 1358 392 1421 absque
418 1360 614 1403 consilio
644 1368 689 1403 et
714 1374 904 1403 assensu
943 1373 1036 1402 suae
1066 1357 1350 1419 principissae
1377 1364 1618 1417 acceptare

214 1436 407 1481 minime
426 1445 782 1498 praesumerent,
808 1435 1042 1498 petierunt
1066 1450 1092 1479 a
1130 1448 1235 1494 rege
1262 1433 1556 1479 securitatem
1575 1442 1619 1477 et

213 1512 392 1557 salvum
414 1512 730 1571 conductum,
755 1522 807 1556 ut
838 1521 1016 1557 certum
1042 1528 1293 1556 numerum
1314 1511 1485 1555 civium
1511 1525 1618 1555 suo-

213 1605 317 1633 rum
338 1589 520 1635 mittere
542 1599 732 1652 possent
755 1589 1034 1635 Gandavum
1055 1590 1115 1636 ad
1129 1606 1261 1636 suam
1271 1589 1614 1652 principissam,

214 1665 273 1710 ad
298 1665 662 1728 exquirendum,
691 1667 728 1711 si
751 1667 926 1712 eisdem
950 1667 1185 1712 licentiam
1211 1676 1425 1729 praestare
1456 1665 1614 1723 vellet,

268 1802 305 1839 1.
337 1800 542 1845 Ci-dessus,
566 1814 604 1850 p.
625 1802 662 1837 8.

266 1863 304 1899 2.
336 1864 389 1898 La
416 1863 504 1899 ville
532 1871 777 1913 proprement
802 1862 896 1907 dite,
928 1863 1112 1899 territoire
1146 1862 1192 1898 de
1215 1862 1249 1898 la
1278 1874 1481 1898 commune
1506 1869 1542 1898 et
1572 1861 1618 1898 de

214 1922 386 1971 l'abbaye
407 1923 454 1960 (16
473 1924 724 1961 Saint-Vaast.

268 1988 304 2022 3.
335 1989 430 2023 Tout
447 1987 527 2024 cela
547 1996 601 2024 est
623 1988 722 2038 plein
747 1987 1072 2024 d'i11exactit11des.
1095 1991 1147 2024 Le
1169 1987 1223 2023 roi
1242 2015 1251 2033 ,
1273 1986 1323 2023 du
1343 1993 1510 2022 moment
1527 1985 1618 2035 qu'il

215 2047 333 2084 s'etait
354 2047 466 2085 etabli
490 2049 582 2086 dans
608 2050 641 2086 la
671 2050 764 2096 cite,
785 2050 885 2086 avait
910 2049 973 2086 fait
1003 2051 1108 2085 treve
1126 2062 1218 2085 avec
1236 2049 1289 2085 les
1309 2047 1499 2084 habitants
1518 2047 1565 2084 de
1585 2049 1617 2084 la

214 2110 298 2148 ville
329 2125 427 2161 pour
458 2113 511 2149 les
544 2126 698 2150 amener
722 2116 741 2149 a
768 2127 819 2149 un
851 2112 1214 2149 accommodement.
1252 2112 1344 2148 Mais
1378 2112 1431 2148 les
1461 2111 1618 2162 deputes

215 2173 304 2222 qu’il
324 2174 425 2210 avait
444 2176 610 2225 envoyes
634 2189 729 2225 pour
754 2175 943 2226 negocien
969 2175 1160 2211 n⁷avaient
1179 2188 1230 2224 pu
1250 2173 1330 2210 rien
1350 2173 1442 2210 saire
1461 2175 1482 2209 a
1507 2185 1618 2210 cause

215 2235 329 2272 d’une
348 2236 496 2273 emente
518 2238 582 2287 qui
607 2238 658 2274 les
683 2239 783 2275 avait
809 2238 930 2275 forces
953 2237 1000 2274 de
1024 2237 1111 2274 fuir.
1137 2240 1190 2273 La
1211 2237 1315 2273 treve
1340 2237 1443 2272 etant
1460 2248 1619 2285 rompue

218 2311 284 2347 par
314 2298 409 2334 suite
436 2299 483 2335 de
512 2308 609 2336 cette
629 2300 822 2345 violence,
851 2301 903 2337 les
929 2312 1070 2336 canons
1100 2299 1146 2335 de
1175 2300 1210 2335 la
1235 2298 1306 2335 cite
1334 2299 1484 2335 avaient
1512 2311 1617 2334 com-

219 2361 347 2396 mence',
368 2362 387 2396 a
410 2361 498 2398 tirer
518 2375 582 2398 5111·
605 2362 639 2398 la
659 2362 761 2399 ville.
784 2363 959 2409 (Journal
980 2362 1026 2398 (16
1050 2361 1138 2398 dom
1159 2361 1305 2398 Germ-d
1325 2359 1487 2405 Robert,
1510 2374 1547 2410 p.
1570 2362 1617 2396 21⁹2

218 2430 253 2457 ef
278 2424 357 2469 ²13.)
387 2424 497 2461 Alors
526 2425 561 2461 la
585 2438 786 2462 commune
819 2443 834 2458 «
862 2427 901 2462 fit
926 2439 976 2462 1111
1004 2425 1311 2475 appoinetement
1345 2436 1438 2460 avec
1470 2424 1504 2459 16
1533 2435 1616 2470 roy,

220 2495 286 2531 par
323 2485 370 2520 tel
400 2486 428 2522 si
459 2487 548 2535 qu'il
579 2488 702 2524 auroit
731 2489 766 2525 la
794 2489 1058 2526 souverainete
1090 2488 1136 2525 de
1167 2488 1203 2524 la
1229 2487 1317 2523 ville
1343 2487 1499 2535 jusques
1529 2486 1549 2520 ἐι
1575 2496 1617 2520 ce

218 2558 290 2594 que
320 2547 599 2586 Mademoiselle
622 2550 745 2587 auroit
774 2551 899 2588 releve
926 2552 1010 2598 (fait
1039 2551 1260 2600 hommage)
1291 2561 1337 2586 en
1361 2559 1546 2599 personne
1568 2559 1617 2582 ou

221 2619 287 2656 par
318 2621 543 2657 procureur3
583 2620 616 2648 et
647 2626 695 2649 ne
722 2614 928 2650 sousfriroit
961 2613 995 2649 le
1025 2626 1092 2661 roy
1122 2613 1184 2660 d'y
1216 2611 1343 2648 laisser
1371 2618 1497 2646 cntrer
1527 2621 1617 2657 gens

221 2669 380 2707 d'armes
398 2673 419 2708 ἐι
440 2673 538 2710 main
558 2675 698 2713 armee.
726 2693 740 2706 n
767 2675 922 2712 Molinet
938 2704 947 2721 ,
967 2684 993 2712 t.
1016 2678 1052 2712 II
1070 2703 1079 2720 ,
1100 2674 1161 2712 ch.
1188 2687 1248 2710 xL.
