1875 2956
671 213 811 248 LIBER
847 212 1044 248 SEXTUS.
1497 218 1542 249 §57

159 314 277 355 rere,
305 313 420 359 quas
442 298 561 343 soliti
587 309 715 345 erant
736 299 881 344 facere
909 297 1137 344 ethabere
1152 297 1199 341 in
1225 296 1354 341 terris
1371 299 1542 358 praefati

157 374 337 419 domini
357 373 504 433 ducis,
533 392 629 421 non
647 376 745 421 sine
768 391 938 437 magno
971 375 1040 420 sui
1077 372 1384 431 detrimentO,
1410 373 1545 418 simul

157 450 296 495 etiam
321 467 368 496 se
393 452 568 498 interea
590 452 792 515 privatos
812 449 1103 514 patrimoniis
1129 458 1175 494 et
1193 448 1360 493 annuis
1381 447 1546 493 rediti—

156 525 260 585 bus,
284 544 402 589 quos
424 529 471 573 in
494 528 701 590 ejusdem
734 526 955 590 principis
978 526 1109 571 terris
1143 533 1281 587 atque
1327 523 1548 569 dominiis

156 602 416 662 habebant,
445 604 729 666 collegerunt
751 619 798 648 se
817 618 924 647 cum
947 617 1118 663 magna
1138 599 1436 646 multitudine
1455 599 1545 663 ple-

157 678 228 724 bis
261 678 321 725 ad
360 678 611 741 quemdam
650 680 881 742 pontem¹,
905 677 1027 722 circa
1045 686 1332 722 conventum
1357 675 1544 738 Regula-

157 755 300 814 rium,
324 772 470 819 prope
499 764 681 818 portam
714 771 816 817 quae
857 753 997 815 vulgo
1041 753 1305 816 appellatur
1345 756 1386 798 T
1381 752 1547 798 olletzs-

159 831 322 895 teglae2.
342 834 406 878 Ex
427 832 621 878 adverso
641 831 793 876 dictus
813 830 1032 876 dominus
1055 829 1113 874 de
1137 829 1421 889 Montesorti,
1444 846 1552 874 cum

157 909 301 954 altero
326 907 877 969 burgimagistrorum³et
915 906 1009 952 suis
1043 904 1319 963 fautoribus,
1355 905 1551 966 college-

159 994 266 1029 runt
291 1001 337 1029 se
362 985 409 1029 in
446 984 597 1046 platea
642 1001 743 1046 quae
784 994 851 1029 est
887 992 994 1029 ante
1034 981 1233 1028 domum
1264 982 1550 1041 consulatus,

158 1077 353 1122 eamque
376 1061 604 1107 machinis
623 1071 667 1106 et
688 1059 962 1106 bombardis
991 1059 1310 1118 muniverunt,
1329 1059 1554 1105 fecerunt-

159 1153 249 1199 que
275 1153 552 1200 campanam
591 1137 827 1200 publicam
850 1136 1025 1199 pulsari
1060 1135 1119 1182 ad
1155 1135 1472 1197 colligendum
1494 1135 1554 1181 ad

158 1229 205 1258 se
226 1213 454 1276 populum
477 1213 562 1258 sub
587 1212 753 1258 vexillo
773 1212 985 1270 civitatis,
1009 1227 1066 1256 eo
1092 1210 1238 1256 modo
1258 1226 1354 1272 quo
1388 1211 1436 1255 in
1456 1210 1553 1255 bel-

159 1288 255 1333 licis
280 1288 554 1334 tumultibus
577 1288 675 1334 fieri
698 1288 881 1333 assolet.
912 1288 1016 1342 Qua
1041 1286 1151 1331 satis
1172 1285 1462 1331 horribiliter
1485 1287 1556 1331 in-

159 1374 379 1423 tonante,
409 1381 605 1426 magnus
631 1364 833 1427 populus
859 1372 904 1407 et
932 1362 992 1407 ad
1023 1362 1225 1424 plateam
1243 1397 1254 1419 ,
1277 1370 1321 1405 et
1343 1361 1404 1407 ad
1443 1362 1558 1407 alios

159 1441 320 1497 etiam,
360 1441 439 1502 qui
483 1457 537 1485 ex
575 1440 767 1485 adversa
814 1446 943 1501 parte
986 1436 1258 1496 adstabant,
1309 1437 1552 1483 confluxit.

160 1519 393 1578 Erantque
420 1517 719 1579 quamplures
741 1531 794 1560 ex
819 1512 954 1578 plebe
973 1513 1250 1559 fluctuantes
1270 1523 1408 1575 atque
1426 1513 1559 1559 haest-

159 1603 306 1640 tantes
330 1594 390 1640 ad
411 1610 553 1656 quam
575 1593 730 1657 potius
747 1592 949 1656 partium
971 1606 1069 1636 sese
1089 1590 1456 1652 conjungerent;
1477 1590 1557 1637 sed

160 1671 408 1716 multitudo
428 1671 578 1733 major
602 1680 647 1716 et
668 1669 945 1732 locupletior
980 1684 1139 1713 versus
1166 1677 1349 1730 portam
1376 1684 1424 1713 se
1460 1667 1558 1713 col-

160 1746 295 1808 legit:
323 1746 426 1802 ubi,
448 1748 486 1793 si
509 1747 633 1793 illico
657 1745 891 1792 sufficiens
914 1759 1081 1790 manus
1117 1753 1280 1789 coacta
1306 1744 1485 1802 fuisset,
1515 1753 1559 1788 et

161 1824 221 1870 ad
244 1825 569 1888 occupandam
592 1824 793 1888 plateam
817 1832 862 1868 et
881 1822 1078 1867 domum
1112 1821 1380 1866 consulatus
1409 1830 1555 1866 teten-

162 1901 353 1959 dissent,
371 1918 479 1947 cum
499 1901 649 1947 dictus
668 1899 889 1946 dominus
912 1899 971 1944 de
984 1897 1252 1943 Montesorti
1272 1897 1364 1943 illic
1382 1897 1554 1955 adhuc,

163 1977 300 2024 nullis
320 1980 512 2041 stipatus
540 1994 670 2041 paene
697 1974 984 2032 satellitibus,
1021 1974 1152 2036 quasi
1192 1973 1318 2019 solus
1340 1974 1558 2033 adstaret,

163 2054 338 2116 absque
361 2055 491 2100 nullo
512 2055 700 2116 negotio
721 2052 950 2098 desiderio
972 2067 1056 2096 suo
1077 2051 1211 2114 potiti
1235 2050 1442 2096 fuissent.
1469 2050 1560 2096 Sed

166 2132 320 2177 nescio
341 2148 435 2194 quo
455 2132 670 2187 consilio,
693 2132 740 2176 in
754 2147 811 2176 eo
828 2130 953 2187 loco,
974 2126 1056 2172 ubi
1076 2143 1123 2172 se
1144 2126 1444 2189 collegerant,
1466 2136 1561 2172 tam

166 2206 246 2252 diu
289 2208 621 2267 constiterunt,
646 2207 775 2269 quod
798 2203 1070 2252 adversariis
1093 2202 1185 2248 suis
1212 2204 1413 2266 spatium
1436 2202 1563 2249 suffi-

167 2283 290 2329 ciens
303 2284 602 2347 praebuerunt
637 2284 698 2330 ad
716 2300 762 2329 se
782 2279 1099 2343 colligendum
1119 2280 1166 2324 in
1197 2279 1349 2342 platea
1368 2278 1564 2326 civitatis

168 2368 212 2403 et
232 2375 333 2405 eam
357 2359 791 2406 communiendam.

239 2438 293 2480 Ut
318 2452 428 2482 vero
454 2437 701 2482 dominum
738 2436 1078 2497 Trajectensem
1113 2441 1194 2479 aut
1223 2432 1427 2494 aliquam
1459 2447 1567 2475 suo-

228 2547 262 2580 1.
295 2545 535 2596 Smebrnggc.

230 2607 265 2640 2.
296 2609 365 2644 ΜΞ.
392 2609 576 2656 Ίὶὶίίι·ς1ι(’.

232 2669 266 2701 ’.5.
299 2669 366 2702 Jan
386 2681 457 2703 van
478 2671 702 2705 Lansvroen.
