1875 2956
694 219 833 253 LIBER
861 216 1055 254 SEXTUS.
1502 219 1566 253 121

180 303 480 365 respuebant,
523 305 811 350 contrarium
841 304 888 348 in
912 303 1052 364 vulgo
1089 301 1219 346 omni
1255 299 1331 345 die
1361 300 1572 347 dissemi-

179 388 367 436 nanteS,
396 380 524 441 quod
544 381 678 426 novis
701 380 909 442 quotidie
938 377 1191 442 pascebant
1221 386 1266 421 et
1288 375 1574 423 deludebant

179 455 433 501 mendaciis
456 466 501 502 et
524 457 754 519 tigmentis
770 493 782 515 ,
810 466 861 501 ut
883 457 1035 518 ipsum
1050 491 1060 511 ,
1089 452 1412 499 miserabiliter
1434 453 1575 499 afflie-

179 541 279 576 tum
309 542 354 577 et
388 533 713 595 defatigatum,
740 532 908 578 talibus
931 531 990 577 ab
1026 530 1224 576 inventis
1249 539 1503 591 utcumque
1527 530 1571 574 in

178 624 308 671 spem
332 610 559 671 erigerent
580 621 626 655 et
653 626 679 656 a
704 608 958 654 rebellione
978 623 1032 654 ac
1060 623 1300 652 murmure
1326 605 1574 654 adversum

178 701 224 730 se
248 685 536 732 cohiberent.
565 686 770 732 Tandem
793 694 974 741 tamen,
1011 693 1116 747 post
1149 684 1329 746 aliquot
1360 699 1575 729 emensos

179 778 382 819 menses,
418 780 524 808 cum
561 763 741 824 liquido
778 771 1072 824 compertum
1110 760 1360 807 baberetur
1396 776 1575 805 mercau

177 847 301 883 tores
333 838 454 884 ultro
478 840 687 900 citroque
718 854 800 884 sua
836 837 980 883 libere
1012 853 1227 883 exercere
1257 836 1569 892 commercia,

178 912 236 958 de
270 913 586 977 publicatione
623 914 762 960 etiam
803 914 946 976 ipsius
982 913 1133 976 pacis,
1160 913 1430 958 solemniter
1466 928 1574 956 cum

178 990 354 1051 ingenti
392 991 544 1037 laetitia
578 1007 660 1054 per
695 992 855 1037 omnia
890 991 1088 1052 insignia
1134 989 1311 1053 oppida
1342 999 1573 1034 terrarum

177 1065 308 1111 ducis
357 1066 540 1131 [sacta],
578 1068 734 1130 palam
774 1067 996 1112 omnibus
1036 1069 1368 1123 innotesceret,
1409 1082 1573 1129 pacem

177 1142 240 1187 sic
284 1142 476 1200 saetam,
523 1144 653 1189 inviti
695 1144 802 1189 licet
848 1154 893 1190 et
943 1144 1199 1207 plurimum
1244 1142 1569 1196 abhorrentes,

176 1219 366 1265 credere
387 1220 616 1283 compulsi
638 1231 761 1267 sunt.

240 1296 484 1342 Jactabant
506 1314 617 1343 vero
640 1313 744 1343 eam
771 1297 851 1343 diu
875 1313 971 1343 non
997 1298 1095 1342 fore
1117 1296 1389 1342 duraturam
1413 1294 1573 1355 (quod

174 1374 298 1417 Deus
319 1373 573 1418 clementer
594 1382 771 1418 avertat
793 1371 800 1417 !
821 1372 838 1433 )
861 1383 907 1418 et
928 1374 976 1417 in
994 1371 1317 1433 hujuscemodi
1343 1369 1459 1415 fictis
1482 1387 1573 1415 ser-

173 1448 416 1506 monibus,
444 1464 563 1509 quos
600 1448 783 1494 assidue
803 1449 851 1493 in
885 1449 1024 1511 vulgo
1060 1447 1459 1505 disseminabant,
1486 1464 1572 1511 po-

173 1534 334 1569 nentes
351 1540 481 1587 spem
501 1540 635 1570 suam
658 1525 981 1583 mendacium,
1003 1541 1100 1571 sese
1120 1535 1166 1571 et
1185 1526 1250 1571 eis
1266 1525 1569 1583 adhaerentes,

174 1602 238 1647 uti
274 1612 510 1665 poterant,
543 1601 833 1648 solabantur.
861 1604 982 1649 Sane
1013 1603 1050 1648 si
1072 1619 1206 1648 mens
1229 1603 1296 1648 eis
1326 1619 1424 1647 non
1454 1619 1573 1649 caeca

172 1688 310 1741 atque
342 1679 506 1725 insana
539 1678 722 1737 fuisset,
758 1680 867 1726 satis
890 1679 1060 1725 moniti
1083 1695 1182 1725 esse
1219 1678 1481 1724 debuerant
1514 1678 1573 1723 de

172 1755 253 1801 illo
271 1790 283 1813 ,
308 1755 439 1818 quod
460 1756 670 1818 quotidie
696 1757 754 1802 de
777 1773 908 1802 sacro
934 1756 1114 1819 psalmo
1134 1751 1218 1819 per
1242 1771 1406 1801 omnes
1429 1754 1573 1801 eccle-

173 1831 262 1877 sias
285 1833 465 1878 canitur
491 1848 502 1877 :
538 1832 724 1878 «Nolite
748 1832 987 1879 confidere
1022 1833 1070 1878 in
1106 1832 1396 1896 principibus
1419 1848 1572 1894 neque

173 1909 219 1953 in
246 1908 350 1954 filiis
373 1909 640 1966 hominum,
668 1910 715 1954 in
737 1909 908 1972 quibus
931 1926 1029 1955 non
1049 1919 1117 1955 est
1140 1909 1277 1955 salus.
1298 1909 1471 1954 »Unde
1491 1925 1574 1972 per

172 1986 419 2031 Jeremiam
446 1986 725 2050 perpulchre
754 1989 878 2032 Deus
911 1985 1033 2049 [nos]
1066 1985 1290 2032 admonet
1318 1986 1534 2047 inquiens
1558 2004 1566 2031 :

175 2063 492 2109 «Maledictus
536 2064 616 2125 qui
658 2063 854 2110 confidit
889 2064 939 2109 in
983 2064 1207 2124 homine,
1240 2073 1285 2109 et
1319 2064 1400 2126 qui
1438 2065 1573 2127 ponit

172 2156 361 2186 carnem
399 2140 646 2186 brachium
684 2158 842 2199 suum,
878 2150 924 2186 et
968 2141 1154 2186 recessit
1186 2157 1214 2187 a
1248 2141 1455 2186 Domino
1489 2157 1572 2186 cor

173 2217 285 2277 ejus.
314 2237 335 2260 n
374 2218 465 2264 Sed
500 2228 808 2264 excecaverat
836 2234 916 2263 eos
942 2203 1152 2280 profecto
1177 2217 1352 2263 malitia
1375 2233 1537 2264 eorum
1555 2254 1565 2274 ,

173 2293 335 2355 hisque
374 2296 505 2340 vanis
538 2294 835 2340 illusionibus
875 2304 919 2340 et
959 2294 1215 2340 mendaciis
1250 2303 1462 2340 auctores
1498 2311 1567 2339 re-

173 2368 388 2416 bellionis
420 2386 558 2434 atque
581 2389 745 2418 eorum
781 2382 1079 2418 assectatores
1120 2373 1316 2429 merito,
1354 2389 1439 2435 pro
1478 2372 1570 2417 suis

176 2445 510 2507 impietatibus,
552 2449 703 2511 decipi
740 2448 1056 2494 merebantur.
1086 2450 1203 2495 Satis
1236 2450 1375 2495 etiam
1414 2449 1569 2493 multis

177 2521 223 2565 in
261 2523 442 2569 casibus
467 2561 478 2583 ,
519 2535 564 2570 et
603 2525 793 2587 quidem
838 2526 974 2587 longe
1025 2526 1348 2586 gravioribus,
1396 2526 1568 2585 regiam

178 2596 345 2654 fidem,
385 2601 421 2645 si
460 2602 574 2663 quid
619 2612 862 2664 saperent,
905 2613 1193 2665 compertam
1232 2611 1446 2664 poterant
1484 2601 1566 2646 ha·

175 2672 346 2719 buisse.
