1875 2956
226 233 268 266 14
586 226 919 262 HISTORIARUM
950 226 1181 262 IUDOVICI
1212 227 1264 261 XI

288 321 390 363 Non
424 327 578 362 autem
619 314 811 360 cessavit
850 313 1015 358 eadem
1050 313 1228 375 optima
1269 312 1543 375 principissa
1580 322 1624 357 et

222 393 509 457 supplicibus
548 389 795 455 precibus,
848 398 893 435 et
932 388 1307 452 quibuscumque
1343 397 1499 452 posset
1542 388 1625 433 viis

222 482 361 534 atque
395 469 572 527 modis,
599 468 873 530 priusquam
896 466 953 512 de
977 465 1210 512 damnatis
1235 466 1514 528 supplicium
1548 482 1624 511 su-

223 558 442 604 meretur,
474 542 780 601 intercedere,
820 559 1102 606 procurare,
1138 543 1307 587 instare
1343 551 1389 586 et
1417 558 1549 588 orare
1577 552 1628 588 ut

222 624 397 670 eisdem
414 621 551 667 venia
573 620 847 679 donaretur,
868 630 913 666 et
939 636 998 665 ne
1021 620 1078 665 de
1103 619 1168 664 eis
1189 634 1329 682 poena
1352 628 1623 665 sumeretur.

223 701 312 746 Sed
335 708 463 745 tanta
484 698 569 743 suit
593 696 847 742 obstinatio
871 695 1092 742 adversus
1117 712 1198 741 eos
1223 710 1414 752 eorum,
1443 695 1523 755 qui
1551 711 1630 740 eos

223 777 430 821 sublatos
473 774 818 836 exstinctosque
856 772 1110 832 volebant,
1158 783 1208 818 ut
1251 788 1404 834 neque
1440 787 1626 835 preces,

224 868 375 915 neque
409 852 547 897 minae
581 868 661 896 seu
696 851 1061 896 interventiones
1097 864 1405 912 quaecumque
1441 847 1630 893 eosdem

223 930 453 993 supplicio
486 928 748 974 subducere
781 937 1037 991 potuerunt
1056 928 1082 970 ¹.
1120 925 1260 982 Quod
1284 924 1494 988 profecto
1525 924 1632 969 satis

223 1007 351 1051 luctu
388 1015 526 1067 atque
568 1003 786 1066 lacrymis
821 1003 1017 1064 dignum
1071 1001 1168 1046 fore
1220 1000 1482 1058 videbatur,
1524 1016 1632 1044 cum

224 1092 377 1129 essent
394 1082 490 1128 duo
510 1082 597 1126 viri
620 1080 863 1126 mundana
880 1089 925 1124 et
941 1078 1145 1124 saeculari
1167 1077 1416 1140 prudentia
1433 1076 1632 1121 multum

225 1160 445 1207 callentes
488 1169 627 1221 atque
664 1158 869 1220 plurium
912 1171 1190 1216 magnarum
1223 1170 1380 1199 rerum
1418 1153 1634 1215 expertis-

226 1238 345 1282 simi.
388 1239 493 1282 Erat
536 1235 787 1298 praeterea¹
824 1234 920 1296 ipse
959 1231 1286 1288 cancellarius,
1323 1231 1430 1276 licet
1468 1229 1635 1274 humili

226 1315 333 1359 satis
360 1314 466 1359 loco
489 1312 685 1369 editus²³7
708 1311 856 1355 homo
884 1320 1039 1355 tamen
1072 1309 1188 1371 juris
1219 1318 1263 1353 et
1292 1308 1435 1353 totius
1459 1306 1634 1352 littera·
1661 1349 1664 1353 .

227 1401 338 1436 turae
358 1389 588 1436 saecularis
612 1388 918 1451 peritissimus
936 1402 990 1432 ac
1012 1385 1312 1431 doctissimus
1328 1422 1339 1444 ⁷
1369 1383 1635 1445 eloquentia

226 1467 366 1512 etiam
406 1476 451 1511 et
489 1465 678 1511 dicendi
719 1464 855 1526 copia
899 1473 1039 1526 atque
1086 1461 1456 1526 promptitudine
1498 1475 1635 1505 orna-

228 1544 483 1602 tissimus⁴‚
522 1541 828 1605 pluribusque
877 1541 1069 1601 egregiis
1105 1540 1348 1599 insignitus
1387 1537 1636 1583 virtutibus

231 1620 480 1666 ferebatur.

290 1789 325 1822 1.
355 1787 411 1822 On
432 1785 473 1821 lit
493 1784 586 1821 dans
603 1796 678 1819 une
694 1783 802 1820 lettre
821 1783 867 1820 de
883 1784 997 1821 Louis
1015 1785 1070 1819 XI
1093 1795 1139 1818 en
1162 1783 1293 1819 savem·
1313 1781 1377 1818 des
1396 1781 1568 1818 heritiers
1589 1780 1638 1817 du

230 1847 443 1885 chancelier
468 1847 514 1884 de
537 1849 788 1897 Bourgogne:
813 1863 828 1879 α
852 1849 988 1884 Nostre
1007 1844 1210 1883 cousine...
1234 1844 1375 1894 requist
1401 1852 1435 1880 et
1459 1843 1540 1893 pria
1566 1843 1639 1880 les—

230 1909 304 1946 ditz
324 1909 371 1946 de
391 1909 501 1946 Gand
523 1909 630 1945 avoir
649 1908 738 1958 pitie
759 1907 885 1945 dudict
905 1908 1071 1945 dessunct
1088 1937 1096 1950 ,
1120 1916 1154 1944 et
1177 1907 1272 1944 tenir
1293 1919 1338 1943 cn
1359 1918 1514 1956 suspens
1534 1905 1640 1941 icelle

231 1971 453 2015 executiom
475 1972 493 2006 ὸ
514 1971 549 2007 la
569 1970 693 2019 quelle
711 1983 778 2020 par
800 1971 835 2006 16
850 1970 968 2021 grand
983 1970 1105 2018 doyen
1126 1968 1232 2004 dudit
1249 1968 1358 2004 Gand
1375 1968 1429 2004 sut
1449 1965 1640 2016 respondu

231 2047 305 2084 que
325 2033 411 2069 bien
433 2033 539 2069 estoit
564 2047 653 2082 vray
675 2047 748 2083 que
769 2046 853 2070 sans
873 2046 984 2070 cause
1003 2046 1052 2068 on
1076 2032 1205 2068 l'avoit
1223 2030 1460 2080 condempne
1477 2031 1497 2065 a
1518 2038 1638 2073 mort;

232 2096 324 2133 mais
362 2095 451 2145 ‹111'il
485 2096 689 2132 convenoit
725 2109 799 2145 que
835 2095 928 2132 ainsi
964 2096 1058 2140 fust,
1099 2107 1195 2144 pour
1222 2101 1418 2130 contenter
1445 2092 1479 2128 le
1505 2090 1641 2141 peuple

233 2158 339 2196 dudit
359 2158 482 2195 Gand.
503 2174 520 2191 n
544 2157 952 2207 Lenglet-Dusresnoy‚
970 2159 1188 2201 commines,
1212 2164 1238 2192 t.
1262 2158 1332 2201 ΙΙΙ,
1348 2168 1386 2205 p.
1411 2155 1500 2191 513.
1528 2153 1584 2189 Cf.
1609 2152 1643 2188 le

234 2220 414 2257 Menioire
443 2220 489 2256 de
520 2222 570 2256 M.
606 2219 805 2265 Gachard,
836 2220 1055 2256 mentionne
1080 2217 1261 2255 ci-dessns
1279 2247 1288 2263 ⁷
1317 2226 1351 2253 et
1382 2229 1456 2252 une
1481 2223 1569 2251 note
1589 2213 1642 2250 de

234 2286 284 2320 M.
321 2282 486 2319 Marchal
507 2295 555 2318 au
582 2290 682 2318 tome
707 2285 783 2327 IX⁷
806 2296 844 2332 p.
870 2284 961 2328 159,
992 2282 1038 2318 ‹lc
1068 2281 1235 2318 l'cdition
1255 2279 1483 2316 bruxelloise
1508 2275 1643 2326 (1839)

234 2345 280 2382 de
298 2345 490 2382 l'Histoire
511 2345 576 2382 des
596 2344 687 2381 dues
709 2345 754 2381 de
774 2348 1002 2395 Bourgognc
1022 2344 1069 2381 de
1088 2346 1139 2380 M.
1163 2343 1209 2379 de
1227 2346 1399 2380 Bai-ante.

288 2410 325 2444 2.
358 2410 562 2455 Propterea
582 2406 675 2442 dans
695 2406 730 2442 le
750 2420 818 2443 ms.

288 2473 326 2507 3.
358 2470 571 2507 Guiuamue
599 2471 776 2518 Hugonet
807 2468 897 2504 ctait
929 2467 1042 2503 d'une
1067 2466 1205 2503 samille
1230 2466 1277 2502 (16
1303 2465 1395 2501 ι·ο1)6
1421 2464 1469 2500 du
1497 2463 1642 2501 Charo-

235 2532 316 2569 lais.
338 2532 458 2581 Apres
485 2530 591 2567 avoir
608 2531 666 2565 ete
691 2528 823 2566 maitre
843 2528 907 2565 des
927 2530 1099 2578 rcquctes
1120 2528 1170 2564 du
1191 2526 1264 2564 duc
1284 2528 1329 2564 (16
1351 2529 1574 2575 Bourgogne
1592 2555 1600 2571 ,
1620 2525 1642 2561 il

235 2593 361 2629 devint
381 2592 595 2629 chance-lici·
616 2604 662 2627 en
685 2593 801 2627 1471.

290 2658 325 2692 li.
360 2651 473 2704 Eloge
497 2653 634 2699 justifie
653 2665 720 2702 par
738 2652 773 2688 la
794 2652 901 2688 lettre
922 2652 1123 2700 eloquente
1142 2650 1231 2700 qu’il
1254 2649 1383 2685 &crivit
1405 2652 1425 2685 ἐι
1449 2662 1487 2685 sa
1508 2649 1644 2685 femme

237 2718 270 2754 16
284 2716 372 2770 jour
392 2717 437 2752 de
459 2730 496 2752 sa
518 2724 626 2751 mort.
646 2716 810 2750 Preuves
829 2715 848 2750 a
867 2713 1048 2749 l'histoire
1068 2713 1113 2749 de
1133 2711 1246 2748 Louis
1266 2713 1340 2759 XI,
1366 2724 1434 2762 par
1454 2710 1607 2746 Duelos.
