1875 2956
739 209 877 243 LIBER
907 208 1102 245 PRIMUS.

1542 204 1563 237 ιθ

1569 205 1615 240 2⁰.

677 379 746 421 CA
755 376 1011 421 Pl'sULUM
1046 376 1165 418 xlv.

405 504 455 536 De
474 503 572 536 novis
591 502 760 537 mandatis
778 501 878 546 regiis
892 510 924 534 et
937 500 1036 533 dictae
1050 499 1193 533 licentiae
1210 496 1441 531 revocatione.

290 622 408 665 Cum
428 636 555 676 verO,
580 629 630 664 ut
652 619 963 682 praediximus,
987 618 1084 679 ejus
1102 616 1289 661 licentia
1314 615 1431 674 freti,
1458 631 1623 679 spera-

226 712 379 741 remus
405 695 578 757 absque
599 696 693 741 ulla
716 695 1019 752 haesitatione,
1043 693 1195 739 statim
1217 701 1450 738 transacto
1473 692 1625 737 domi-

226 773 339 817 nicae
355 772 716 817 Resurrectionis
731 772 843 816 festo
857 774 883 830 ¹,
902 771 962 816 ad
984 771 1126 833 ipsius
1144 768 1296 815 redire
1318 769 1620 829 majestatem,

227 859 273 893 ut
295 849 494 894 subinde
517 850 589 894 vel
610 850 655 893 in
681 849 873 894 ecclesia
898 858 1072 904 nostra,
1100 848 1173 892 vel
1193 862 1493 908 quocumque
1514 846 1626 892 alibi

226 926 364 971 nobis
392 926 691 983 collibuisset,
720 925 864 971 libere
887 935 930 970 et
955 925 1202 987 tranquille
1225 924 1383 969 liceret
1405 924 1622 979 residere,

226 1014 270 1049 et
301 1003 386 1049 sub
420 1004 583 1049 eadem
615 1020 694 1066 spe
726 1020 808 1066 per
841 995 1072 1047 muliones
1106 1002 1205 1063 (qui
1237 1017 1414 1046 merces
1444 1011 1627 1046 vectare

225 1082 375 1127 solent
392 1081 448 1126 de
468 1081 765 1143 Perpiniano>
786 1080 1163 1142 praemisissennw
1183 1077 1465 1138 Lugdunum
1483 1077 1629 1122 libros

226 1169 269 1204 et
295 1169 442 1204 vestes
470 1174 755 1219 omnemque
779 1156 1143 1220 suppellectilem
1168 1164 1393 1213 nostram7
1416 1162 1625 1217 repente,

228 1236 365 1297 longe
401 1252 529 1280 secus
554 1251 608 1280 ac
632 1250 998 1298 speraveramus,
1035 1234 1095 1278 ad
1126 1249 1212 1278 nos
1248 1231 1444 1278 sabbato
1469 1241 1630 1277 sancto

226 1312 406 1358 Paschae
448 1329 570 1358 nova
608 1313 740 1373 regiae
791 1311 1107 1374 dispositionis
1151 1309 1375 1354 mandata
1420 1308 1631 1352 nuntiata

227 1400 348 1434 sunt.
377 1390 540 1434 Missus
564 1390 689 1434 enim
717 1405 800 1451 per
827 1404 983 1448 regem
1004 1387 1197 1448 quidam
1219 1387 1289 1430 vir
1313 1384 1501 1440 nobilis,
1529 1387 1634 1429 Ber-

229 1464 421 1510 trandus
444 1464 501 1509 de
527 1464 571 1509 la
597 1464 755 1519 Jaille,
785 1464 842 1508 de
868 1462 1173 1523 Andegavia²,
1201 1461 1375 1505 litteras
1399 1458 1538 1504 nobis
1562 1475 1633 1503 re·-

229 1541 323 1601 gias
350 1540 574 1596 reddidit,
611 1556 711 1600 qua:
751 1556 883 1584 novae
911 1538 1156 1599 legationis
1189 1553 1275 1582 nos
1304 1552 1446 1581 onere
1479 1535 1634 1595 fatiga-

228 1616 342 1662 bant
365 1627 409 1662 et
440 1615 742 1662 coarctabant
765 1633 773 1659 :
801 1615 1015 1659 videlicet
1046 1624 1097 1659 ut
1125 1614 1184 1659 ad
1218 1613 1388 1659 ducem
1411 1610 1633 1657 Calabriae

230 1694 511 1751 Johannem,
549 1693 685 1739 bona*
721 1693 1000 1749 uiemoriae³7
1039 1702 1082 1738 et
1116 1691 1283 1737 urbem
1325 1691 1634 1736 Barcinonam

286 1822 322 1856 1.
356 1822 500 1869 Piiques
522 1819 649 1855 tomba
668 1820 702 1855 le
722 1821 768 1855 >17
791 1819 884 1854 avril
907 1831 953 1854 en
975 1820 1092 1855 4468.

285 1884 322 1918 2.
353 1883 457 1918 Cette
483 1882 643 1926 famille,
673 1881 735 1931 qui
766 1894 804 1916 se
837 1889 1050 1931 transporta
1079 1880 1210 1931 depuis
1242 1894 1288 1916 en
1308 1880 1519 1926 'rom-aine,
1550 1879 1637 1915 etait

232 1943 510 1980 effectix‘enicnt
538 1943 741 1993 originairc
771 1943 816 1980 de
846 1944 1013 1989 l⁷Anjou.
1043 1942 1224 1979 Bertrand
1252 1942 1298 1978 dc
1319 1946 1372 1978 La
1397 1941 1528 1985 Jassle,
1560 1940 1634 1977 sei-

233 2018 352 2055 gneur
381 2005 427 2041 de
454 2008 505 2041 La
531 2004 809 2052 Rocbetailbot,
832 2007 933 2042 avait
961 2019 1012 2041 un
1038 2013 1170 2054 parent
1187 2035 1195 2050 ‚
1222 2004 1350 2040 Pierre
1371 2003 1416 2039 de
1438 2006 1491 2039 La
1512 2002 1635 2046 Jaille,

233 2067 351 2117 grand
375 2066 611 2104 chambellan
636 2067 681 2103 de
699 2068 804 2104 Rene
826 2066 1004 2118 d'Anj0u‚
1027 2067 1091 2116 qui
1112 2067 1239 2103 devint
1262 2065 1380 2116 grand
1398 2064 1572 2101 senechal
1593 2064 1638 2100 de

234 2132 450 2174 Provcnce3
480 2137 515 2164 ct
545 2141 594 2164 un
626 2137 756 2172 autre,
782 2129 977 2165 Hardouin
1000 2128 1045 2165 de
1074 2132 1126 2164 La
1150 2128 1272 2173 Jaille,
1299 2128 1407 2173 emit,
1437 2140 1484 2162 en
1519 2128 1636 2172 1471,

234 2190 334 2227 bailli
366 2190 412 2227 de
433 2190 643 2228 Cliauniont
672 2203 719 2227 en
747 2191 942 2242 Bassigny,
972 2204 1016 2226 en
1049 2192 1170 2226 nid-nie
1194 2199 1313 2240 temps
1342 2203 1415 2240 que
1444 2188 1640 2226 conseiller

236 2252 286 2288 du
306 2252 376 2288 duc
396 2252 441 2288 (16
458 2251 627 2289 Calabre.

291 2317 326 2352 3.
345 2317 400 2350 En
418 2317 531 2357 14677
552 2315 604 2350 les
620 2315 874 2361 Barcelonais,
891 2314 1136 2365 perseverant
1153 2313 1244 2350 dans
1260 2314 1342 2350 leur
1356 2313 1500 2350 revolte
1512 2320 1639 2348 contre

237 2375 272 2411 le
302 2377 359 2413 roi
386 2380 500 2421 Jean,
530 2376 679 2413 avaient
709 2377 841 2426 appele
871 2379 891 2412 ἐι
925 2378 960 2413 la
993 2389 1185 2413 couronne
1212 2375 1403 2426 d'Aragon
1430 2375 1466 2411 la
1499 2373 1639 2410 maisou

239 2437 399 2483 d'Anjou
418 2438 483 2486 qui
502 2452 526 2487 y
549 2438 648 2474 avait
667 2437 730 2474 des
750 2438 878 2475 droits.
903 2442 955 2475 Le
975 2439 1031 2474 roi
1055 2438 1174 2483 Rene,
1202 2438 1356 2487 n‘ayant
1381 2450 1431 2485 pu
1451 2435 1543 2471 faire
1560 2443 1641 2470 acte

240 2497 285 2533 de
298 2499 521 2547 pretendant
541 2502 561 2536 a
584 2513 695 2537 cause
716 2499 762 2536 (16
781 2513 849 2536 son
868 2499 988 2550 grand
1011 2502 1092 2550 age,
1115 2512 1263 2548 envoya
1284 2501 1305 2534 ἐι
1323 2511 1362 2535 sa
1378 2498 1483 2547 place
1497 2509 1563 2531 son
1586 2495 1640 2530 fils

239 2562 347 2603 Jean,
369 2558 441 2595 duc
460 2560 506 2596 de
528 2562 708 2598 Lorraine
725 2571 761 2598 et
780 2562 826 2599 de
844 2561 1016 2607 Calabre,
1038 2561 1129 2598 dont
1148 2561 1173 2597 il
1195 2569 1250 2597 est
1270 2560 1441 2609 question
1462 2558 1523 2593 ici.
1548 2559 1640 2592 Jean

239 2619 403 2665 d’Anjou
429 2634 563 2671 exerca
587 2625 607 2658 a
627 2624 848 2670 Barcelone,
870 2623 1036 2673 pendant
1060 2624 1149 2661 trois
1169 2636 1235 2660 ans
1256 2631 1293 2659 et
1318 2621 1431 2664 demi,
1455 2618 1640 2655 l'autoritc

237 2682 380 2730 royale,
409 2695 455 2719 au
489 2696 577 2720 nom
605 2685 650 2721 de
672 2698 739 2723 son
771 2687 882 2734 pere,
910 2686 1131 2722 s’intitulant
1160 2685 1256 2720 dans
1288 2696 1344 2719 ses
1371 2690 1469 2719 actes
1507 2682 1639 2728 lusam
