1875 2956
312 214 358 249 34
672 213 1009 249 HISTORIARUM
1036 213 1269 249 LUDOVICI
1297 214 1348 248 XI

310 301 699 359 'fornacensibus‚
728 316 808 345 eos
831 300 895 344 sic
915 299 1087 345 abduci
1120 299 1488 362 inspicientibus,
1519 301 1705 363 plurimi

312 379 428 424 risus
447 389 490 424 et
512 377 697 423 ludibrii
714 376 974 435 materiam,
991 375 1229 437 multaque
1245 375 1417 438 probra
1439 386 1579 439 atque
1600 393 1709 422 con-

308 455 581 500 tumeliasin
597 453 861 514 Flamingos
885 452 1109 514 jaciendi,
1135 452 1287 498 attulit
1300 462 1345 498 et
1366 453 1579 515 praebuit.
1607 457 1709 498 Per-

307 530 527 576 diderunt
552 539 709 575 autem
729 539 773 574 et
795 530 880 592 ipsi
900 529 1124 589 Flamingi
1147 539 1258 573 tunc
1282 529 1522 576 machinas
1541 531 1709 575 multas

305 608 458 652 bellici
478 607 769 652 instrumenti
785 644 795 665 ,
824 623 939 668 quas
957 608 1096 651 etiam
1111 606 1198 669 ipsi
1214 606 1378 651 Franci
1393 605 1702 652 abduxerunt.

299 685 389 739 Qui
414 693 570 729 autem
607 684 779 729 residui
808 684 994 727 fuerunt
1017 699 1073 728 ex
1098 682 1447 743 Flamingorum
1477 685 1703 742 exercitu,

299 761 345 804 in
378 761 570 822 propria
605 777 701 805 sese
737 768 1037 822 receperunt,
1072 776 1156 804 nec
1189 758 1429 805 audebant
1467 775 1551 823 per
1584 761 1707 805 mul-

298 846 370 880 tos
397 835 495 881 dies
520 837 642 882 exire
673 836 864 882 obviam
900 836 1103 895 FranciS,
1136 836 1197 881 ita
1227 836 1386 882 animo
1424 837 1705 882 consternati

299 913 569 960 manebant.

362 993 417 1035 Et
438 991 650 1053 profecto
674 991 710 1035 si
735 1007 813 1036 rex
848 1001 960 1035 tnnc
985 992 1226 1053 temporis,
1265 990 1446 1036 cunctis
1476 991 1539 1036 ita
1562 1001 1706 1037 exter-

297 1067 394 1112 ritis
421 1068 545 1130 <post
590 1067 762 1113 scilicet
800 1067 1127 1129 hujuscemodi
1168 1067 1369 1112 Atrebati
1408 1077 1454 1112 et
1490 1067 1703 1131 oppiduli

299 1145 500 1189 Avennis
514 1145 928 1208 expugnationem,
952 1144 1398 1206 Flamingorumque
1414 1144 1703 1207 profligatio-

298 1218 441 1279 nem),
460 1234 566 1264 cum
581 1219 745 1281 copiis,
759 1234 875 1280 quas
892 1228 1004 1263 tunc
1021 1219 1246 1264 maximas
1268 1217 1491 1277 habebat,
1509 1227 1555 1264 et
1572 1217 1705 1263 belli-

296 1295 360 1339 cis
383 1296 702 1341 instrumentis
728 1295 1055 1340 incunctanter
1077 1305 1217 1357 atque
1242 1295 1433 1341 viriliter
1468 1310 1705 1356 aggressus

296 1371 449 1417 fuisset
466 1382 611 1418 terras
625 1372 871 1432 Flandriae,
888 1373 1148 1418 Hannonia?
1163 1383 1302 1435 atque
1317 1372 1589 1431 Brabantiae,
1608 1372 1705 1417 nu]-

294 1449 363 1493 lus
383 1449 441 1494 ad
457 1449 792 1512 opponendam
806 1449 982 1495 viribus
1000 1451 1093 1495 suis
1114 1451 1422 1496 resistentiam
1439 1450 1699 1512 cogitasset,

294 1526 374 1571 sed
396 1527 642 1589 quaesiisset
669 1528 715 1572 in
752 1528 943 1589 singulis
964 1527 1166 1591 oppidiS,
1195 1529 1603 1591 appropinquante
1643 1527 1702 1572 ad

294 1619 374 1648 eos
394 1605 620 1663 exercitu,
652 1621 767 1666 quas
791 1604 1061 1650 melioribus
1080 1604 1292 1650 obtinere
1314 1605 1573 1668 potuissent
1592 1604 1703 1666 legi-

295 1678 383 1724 bus
410 1689 454 1724 et
473 1680 826 1726 conditionibus
852 1681 1021 1743 passim
1048 1680 1337 1726 deditionem
1363 1681 1528 1727 facere.
1561 1684 1702 1726 Erant

295 1756 469 1818 quippe
502 1766 615 1801 tunc
654 1756 889 1820 acephali,
923 1766 968 1801 et
1000 1774 1130 1820 paene
1161 1758 1259 1819 jam
1290 1768 1386 1803 tam
1412 1757 1469 1802 de
1495 1756 1700 1802 adventu

296 1831 588 1893 imperatoris
612 1849 753 1894 quam
776 1832 855 1878 filii
882 1833 951 1878 sui
978 1832 1302 1895 desperantes,
1331 1849 1388 1878 eo
1412 1833 1541 1895 quod
1567 1834 1698 1879 multi

295 1908 581 1953 transiissent
604 1925 787 1954 menses
806 1920 1078 1972 postquam,
1103 1910 1234 1971 juxta
1262 1909 1620 1972 pollicitationes
1656 1920 1701 1956 et

298 1986 630 2046 promissiones
670 1987 836 2049 saepius
877 1997 921 2032 et
963 1986 1244 2032 creberrime
1285 1987 1350 2032 eis
1390 1987 1557 2045 factas,
1602 1987 1698 2048 jam

296 2060 569 2106 adventasse
599 2061 876 2107 debile-rant.
918 2066 1010 2108 Nec
1045 2063 1255 2126 profecto
1291 2063 1349 2107 de
1382 2062 1593 2125 parando
1626 2079 1698 2108 re-

297 2137 454 2182 medio
484 2147 648 2183 contra
676 2155 994 2200 aggressuram
1024 2141 1143 2200 regis
1171 2150 1213 2184 et
1246 2139 1493 2184 imminens
1522 2139 1696 2184 eisdem

296 2214 581 2275 periculum,
620 2215 795 2277 aliquid
828 2216 1189 2280 disponebant¹3
1228 2216 1307 2261 sed
1342 2216 1517 2278 ubique
1555 2216 1697 2262 ferme

295 2305 349 2334 ac
370 2306 451 2352 per
470 2290 721 2350 insigniora
742 2293 980 2353 p‹‘›tissime
1003 2308 1197 2353 quaeque
1219 2291 1415 2354 oppida,
1437 2292 1558 2337 cives
1578 2293 1697 2337 inter

295 2382 342 2410 se
380 2375 425 2410 et
460 2366 627 2428 plebeii
665 2367 912 2412 adversum
953 2368 1242 2413 nobilitatem
1275 2367 1525 2413 seditiones
1557 2378 1695 2429 atque

294 2442 549 2487 simultates
584 2443 878 2489 exercebant.

361 2521 462 2563 Non
487 2519 640 2580 itaque
669 2519 855 2565 difficile
888 2530 983 2566 erat
1009 2521 1120 2581 regi,
1154 2522 1292 2566 tantis
1320 2522 1512 2585 praedito
1547 2521 1693 2584 copiis

346 2682 382 2720 l,
415 2680 641 2728 Disponebat
665 2681 756 2717 (lans
778 2682 811 2717 le
831 2694 901 2718 ms.
