<?xml version="1.0" encoding="UTF-8"?>
<!DOCTYPE html PUBLIC "-//W3C//DTD XHTML 1.0 Transitional//EN"
    "http://www.w3.org/TR/xhtml1/DTD/xhtml1-transitional.dtd">
<html xmlns="http://www.w3.org/1999/xhtml" xml:lang="en" lang="en">
 <head>
  <title>
</title>
<meta http-equiv="Content-Type" content="text/html;charset=utf-8" />
  <meta name='ocr-system' content='tesseract 3.04.00' />
  <meta name='ocr-capabilities' content='ocr_page ocr_carea ocr_par ocr_line ocrx_word'/>
</head>
<body>
  <div class='ocr_page' id='page_1' title='image "./histoiredesrgn03basi_0143.png"; bbox 0 0 1875 2956; ppageno 0'>
   <div class='ocr_carea' id='block_1_1' title="bbox 696 177 1569 212">
    <p class='ocr_par' dir='ltr' id='par_1_1' title="bbox 696 177 1569 212">
     <span class='ocr_line' id='line_1_1' title="bbox 696 177 1569 212; baseline -0.002 0"><span class='ocrx_word' id='word_1_1' title='bbox 696 179 838 212; x_wconf 86' lang='lat' dir='ltr'>LIBER</span> <span class='ocrx_word' id='word_1_2' title='bbox 878 177 1073 212; x_wconf 75' lang='lat' dir='ltr'>SEXTUS.</span> <span class='ocrx_word' id='word_1_3' title='bbox 1527 177 1569 210; x_wconf 64' lang='lat'>01</span> 
     </span>
    </p>
   </div>
   <div class='ocr_carea' id='block_1_2' title="bbox 187 257 1602 2538">
    <p class='ocr_par' dir='ltr' id='par_1_2' title="bbox 187 257 1594 1907">
     <span class='ocr_line' id='line_1_2' title="bbox 189 257 1574 326; baseline -0.002 -20"><span class='ocrx_word' id='word_1_4' title='bbox 189 261 459 306; x_wconf 82' lang='lat' dir='ltr'>incendium</span> <span class='ocrx_word' id='word_1_5' title='bbox 494 263 676 324; x_wconf 82' lang='lat' dir='ltr'>posuit,</span> <span class='ocrx_word' id='word_1_6' title='bbox 717 261 930 326; x_wconf 83' lang='lat' dir='ltr'>pluribus</span> <span class='ocrx_word' id='word_1_7' title='bbox 964 259 1078 306; x_wconf 87' lang='lat' dir='ltr'>inibi</span> <span class='ocrx_word' id='word_1_8' title='bbox 1114 257 1334 303; x_wconf 87' lang='lat' dir='ltr'>domibus</span> <span class='ocrx_word' id='word_1_9' title='bbox 1358 258 1574 305; x_wconf 67' lang='lat' dir='ltr'>incendi«)</span> 
     </span>
     <span class='ocr_line' id='line_1_3' title="bbox 187 335 1577 402; baseline -0.003 -18"><span class='ocrx_word' id='word_1_10' title='bbox 187 338 460 402; x_wconf 84' lang='lat' dir='ltr'>absumptis.</span> <span class='ocrx_word' id='word_1_11' title='bbox 494 339 636 395; x_wconf 89' lang='lat' dir='ltr'>Quod</span> <span class='ocrx_word' id='word_1_12' title='bbox 667 339 798 398; x_wconf 87' lang='lat' dir='ltr'>licet,</span> <span class='ocrx_word' id='word_1_13' title='bbox 826 339 952 384; x_wconf 87' lang='lat' dir='ltr'>velut</span> <span class='ocrx_word' id='word_1_14' title='bbox 982 336 1135 382; x_wconf 90' lang='lat' dir='ltr'>favilla</span> <span class='ocrx_word' id='word_1_15' title='bbox 1158 335 1203 379; x_wconf 93' lang='lat' dir='ltr'>in</span> <span class='ocrx_word' id='word_1_16' title='bbox 1231 344 1475 397; x_wconf 87' lang='lat' dir='ltr'>stuppeam</span> <span class='ocrx_word' id='word_1_17' title='bbox 1512 336 1577 380; x_wconf 87' lang='lat' dir='ltr'>in—</span> 
     </span>
     <span class='ocr_line' id='line_1_4' title="bbox 189 410 1576 477; baseline -0.003 -18"><span class='ocrx_word' id='word_1_18' title='bbox 189 430 378 460; x_wconf 87' lang='lat' dir='ltr'>currens</span> <span class='ocrx_word' id='word_1_19' title='bbox 402 416 667 474; x_wconf 79' lang='lat' dir='ltr'>materiam,</span> <span class='ocrx_word' id='word_1_20' title='bbox 697 415 829 460; x_wconf 91' lang='lat' dir='ltr'>initio</span> <span class='ocrx_word' id='word_1_21' title='bbox 859 427 1054 477; x_wconf 83' lang='lat' dir='ltr'>parvum</span> <span class='ocrx_word' id='word_1_22' title='bbox 1076 420 1217 469; x_wconf 86' lang='lat' dir='ltr'>esset,</span> <span class='ocrx_word' id='word_1_23' title='bbox 1244 410 1398 456; x_wconf 88' lang='lat' dir='ltr'>statim</span> <span class='ocrx_word' id='word_1_24' title='bbox 1421 420 1576 456; x_wconf 90' lang='lat' dir='ltr'>tamen</span> 
     </span>
     <span class='ocr_line' id='line_1_5' title="bbox 187 486 1578 555; baseline -0.004 -19"><span class='ocrx_word' id='word_1_25' title='bbox 187 491 325 551; x_wconf 82' lang='lat' dir='ltr'>longe</span> <span class='ocrx_word' id='word_1_26' title='bbox 356 491 538 555; x_wconf 85' lang='lat' dir='ltr'>lateque</span> <span class='ocrx_word' id='word_1_27' title='bbox 566 506 937 554; x_wconf 87' lang='lat' dir='ltr'>quaquaversum</span> <span class='ocrx_word' id='word_1_28' title='bbox 977 489 1025 534; x_wconf 91' lang='lat' dir='ltr'>in</span> <span class='ocrx_word' id='word_1_29' title='bbox 1060 502 1254 549; x_wconf 82' lang='lat' dir='ltr'>magnos</span> <span class='ocrx_word' id='word_1_30' title='bbox 1279 487 1407 549; x_wconf 86' lang='lat' dir='ltr'>ignes</span> <span class='ocrx_word' id='word_1_31' title='bbox 1442 486 1578 532; x_wconf 84' lang='lat' dir='ltr'>flam-</span> 
     </span>
     <span class='ocr_line' id='line_1_6' title="bbox 190 564 1579 630; baseline -0.004 -17"><span class='ocrx_word' id='word_1_32' title='bbox 190 584 463 630; x_wconf 88' lang='lat' dir='ltr'>marumque</span> <span class='ocrx_word' id='word_1_33' title='bbox 498 567 661 629; x_wconf 85' lang='lat' dir='ltr'>globos</span> <span class='ocrx_word' id='word_1_34' title='bbox 697 567 912 622; x_wconf 82' lang='lat' dir='ltr'>colluxit3</span> <span class='ocrx_word' id='word_1_35' title='bbox 955 581 1064 611; x_wconf 88' lang='lat' dir='ltr'>nam</span> <span class='ocrx_word' id='word_1_36' title='bbox 1095 564 1226 609; x_wconf 72' lang='lat' dir='ltr'>brevi</span> <span class='ocrx_word' id='word_1_37' title='bbox 1263 572 1425 610; x_wconf 86' lang='lat' dir='ltr'>exacto</span> <span class='ocrx_word' id='word_1_38' title='bbox 1464 573 1579 608; x_wconf 76' lang='lat' dir='ltr'>tem—</span> 
     </span>
     <span class='ocr_line' id='line_1_7' title="bbox 190 640 1582 707; baseline -0.004 -18"><span class='ocrx_word' id='word_1_39' title='bbox 190 660 325 707; x_wconf 83' lang='lat' dir='ltr'>pore,</span> <span class='ocrx_word' id='word_1_40' title='bbox 365 645 524 691; x_wconf 86' lang='lat' dir='ltr'>onmia</span> <span class='ocrx_word' id='word_1_41' title='bbox 549 643 765 699; x_wconf 71' lang='lat' dir='ltr'>aedifieia,</span> <span class='ocrx_word' id='word_1_42' title='bbox 804 659 905 704; x_wconf 79' lang='lat' dir='ltr'>quae</span> <span class='ocrx_word' id='word_1_43' title='bbox 936 658 1019 704; x_wconf 90' lang='lat' dir='ltr'>per</span> <span class='ocrx_word' id='word_1_44' title='bbox 1055 656 1190 702; x_wconf 84' lang='lat' dir='ltr'>agros</span> <span class='ocrx_word' id='word_1_45' title='bbox 1216 640 1582 701; x_wconf 73' lang='lat' dir='ltr'>circumquaque</span> 
     </span>
     <span class='ocr_line' id='line_1_8' title="bbox 189 715 1582 781; baseline -0.003 -17"><span class='ocrx_word' id='word_1_46' title='bbox 189 721 472 781; x_wconf 87' lang='lat' dir='ltr'>Trajectum,</span> <span class='ocrx_word' id='word_1_47' title='bbox 496 720 555 765; x_wconf 91' lang='lat' dir='ltr'>ad</span> <span class='ocrx_word' id='word_1_48' title='bbox 578 719 729 764; x_wconf 70' lang='lat' dir='ltr'>vicina</span> <span class='ocrx_word' id='word_1_49' title='bbox 751 734 896 780; x_wconf 89' lang='lat' dir='ltr'>usque</span> <span class='ocrx_word' id='word_1_50' title='bbox 919 716 1094 780; x_wconf 88' lang='lat' dir='ltr'>oppida</span> <span class='ocrx_word' id='word_1_51' title='bbox 1118 715 1293 777; x_wconf 83' lang='lat' dir='ltr'>absque</span> <span class='ocrx_word' id='word_1_52' title='bbox 1323 715 1582 760; x_wconf 85' lang='lat' dir='ltr'>munitione</span> 
     </span>
     <span class='ocr_line' id='line_1_9' title="bbox 190 792 1584 858; baseline -0.004 -17"><span class='ocrx_word' id='word_1_53' title='bbox 190 811 347 858; x_wconf 82' lang='lat' dir='ltr'>sparsa</span> <span class='ocrx_word' id='word_1_54' title='bbox 369 805 523 853; x_wconf 80' lang='lat' dir='ltr'>erant,</span> <span class='ocrx_word' id='word_1_55' title='bbox 551 796 668 856; x_wconf 85' lang='lat' dir='ltr'>ignis</span> <span class='ocrx_word' id='word_1_56' title='bbox 693 794 1003 858; x_wconf 81' lang='lat' dir='ltr'>consumpsit,</span> <span class='ocrx_word' id='word_1_57' title='bbox 1032 808 1352 856; x_wconf 86' lang='lat' dir='ltr'>pauperesque</span> <span class='ocrx_word' id='word_1_58' title='bbox 1385 792 1584 853; x_wconf 83' lang='lat' dir='ltr'>agricul-</span> 
     </span>
     <span class='ocr_line' id='line_1_10' title="bbox 191 867 1580 935; baseline -0.002 -19"><span class='ocrx_word' id='word_1_59' title='bbox 191 881 338 931; x_wconf 83' lang='lat' dir='ltr'>tores,</span> <span class='ocrx_word' id='word_1_60' title='bbox 369 873 453 917; x_wconf 90' lang='lat' dir='ltr'>nisi</span> <span class='ocrx_word' id='word_1_61' title='bbox 470 872 549 934; x_wconf 90' lang='lat' dir='ltr'>qui</span> <span class='ocrx_word' id='word_1_62' title='bbox 573 871 679 933; x_wconf 85' lang='lat' dir='ltr'>fuga</span> <span class='ocrx_word' id='word_1_63' title='bbox 698 871 820 917; x_wconf 88' lang='lat' dir='ltr'>elabi</span> <span class='ocrx_word' id='word_1_64' title='bbox 841 879 1121 935; x_wconf 88' lang='lat' dir='ltr'>potuerunt,</span> <span class='ocrx_word' id='word_1_65' title='bbox 1148 885 1405 931; x_wconf 89' lang='lat' dir='ltr'>eorumque</span> <span class='ocrx_word' id='word_1_66' title='bbox 1430 867 1580 927; x_wconf 84' lang='lat' dir='ltr'>bona,</span> 
     </span>
     <span class='ocr_line' id='line_1_11' title="bbox 192 944 1583 1011; baseline -0.002 -18"><span class='ocrx_word' id='word_1_67' title='bbox 192 949 382 994; x_wconf 87' lang='lat' dir='ltr'>abducti</span> <span class='ocrx_word' id='word_1_68' title='bbox 415 949 487 995; x_wconf 76' lang='lat' dir='ltr'>vel</span> <span class='ocrx_word' id='word_1_69' title='bbox 517 948 685 1011; x_wconf 89' lang='lat' dir='ltr'>direpti</span> <span class='ocrx_word' id='word_1_70' title='bbox 718 959 824 994; x_wconf 88' lang='lat' dir='ltr'>sunt</span> <span class='ocrx_word' id='word_1_71' title='bbox 856 957 936 994; x_wconf 86' lang='lat' dir='ltr'>aut</span> <span class='ocrx_word' id='word_1_72' title='bbox 971 945 1197 993; x_wconf 89' lang='lat' dir='ltr'>incendiis</span> <span class='ocrx_word' id='word_1_73' title='bbox 1233 944 1484 1009; x_wconf 89' lang='lat' dir='ltr'>absumpti.</span> <span class='ocrx_word' id='word_1_74' title='bbox 1518 948 1583 990; x_wconf 88' lang='lat' dir='ltr'>Ita</span> 
     </span>
     <span class='ocr_line' id='line_1_12' title="bbox 192 1022 1583 1086; baseline -0.002 -17"><span class='ocrx_word' id='word_1_75' title='bbox 192 1023 321 1070; x_wconf 90' lang='lat' dir='ltr'>brevi</span> <span class='ocrx_word' id='word_1_76' title='bbox 359 1035 626 1083; x_wconf 85' lang='lat' dir='ltr'>momento,</span> <span class='ocrx_word' id='word_1_77' title='bbox 655 1026 751 1086; x_wconf 84' lang='lat' dir='ltr'>agri</span> <span class='ocrx_word' id='word_1_78' title='bbox 786 1025 849 1070; x_wconf 93' lang='lat' dir='ltr'>illi</span> <span class='ocrx_word' id='word_1_79' title='bbox 880 1025 959 1086; x_wconf 88' lang='lat' dir='ltr'>qui</span> <span class='ocrx_word' id='word_1_80' title='bbox 987 1024 1114 1069; x_wconf 91' lang='lat' dir='ltr'>cultu</span> <span class='ocrx_word' id='word_1_81' title='bbox 1146 1033 1352 1068; x_wconf 86' lang='lat' dir='ltr'>satorum</span> <span class='ocrx_word' id='word_1_82' title='bbox 1376 1022 1583 1085; x_wconf 81' lang='lat' dir='ltr'>opulenti</span> 
     </span>
     <span class='ocr_line' id='line_1_13' title="bbox 194 1099 1587 1164; baseline -0.002 -19"><span class='ocrx_word' id='word_1_83' title='bbox 194 1111 330 1163; x_wconf 88' lang='lat' dir='ltr'>atque</span> <span class='ocrx_word' id='word_1_84' title='bbox 359 1100 563 1147; x_wconf 68' lang='lat' dir='ltr'>{edificiis</span> <span class='ocrx_word' id='word_1_85' title='bbox 587 1102 773 1164; x_wconf 90' lang='lat' dir='ltr'>optimis</span> <span class='ocrx_word' id='word_1_86' title='bbox 798 1100 1075 1164; x_wconf 86' lang='lat' dir='ltr'>perpulchre</span> <span class='ocrx_word' id='word_1_87' title='bbox 1101 1100 1251 1144; x_wconf 87' lang='lat' dir='ltr'>ornati</span> <span class='ocrx_word' id='word_1_88' title='bbox 1285 1099 1587 1159; x_wconf 85' lang='lat' dir='ltr'>instructique</span> 
     </span>
     <span class='ocr_line' id='line_1_14' title="bbox 195 1174 1588 1239; baseline -0.003 -18"><span class='ocrx_word' id='word_1_89' title='bbox 195 1186 353 1235; x_wconf 85' lang='lat' dir='ltr'>erant,</span> <span class='ocrx_word' id='word_1_90' title='bbox 401 1177 568 1223; x_wconf 90' lang='lat' dir='ltr'>deserti</span> <span class='ocrx_word' id='word_1_91' title='bbox 605 1178 982 1239; x_wconf 84' lang='lat' dir='ltr'>squalentesque,</span> <span class='ocrx_word' id='word_1_92' title='bbox 1009 1174 1263 1220; x_wconf 87' lang='lat' dir='ltr'>combustis</span> <span class='ocrx_word' id='word_1_93' title='bbox 1303 1184 1347 1219; x_wconf 88' lang='lat' dir='ltr'>et</span> <span class='ocrx_word' id='word_1_94' title='bbox 1375 1174 1588 1219; x_wconf 78' lang='lat' dir='ltr'>crematis</span> 
     </span>
     <span class='ocr_line' id='line_1_15' title="bbox 195 1249 1589 1312; baseline -0.002 -15"><span class='ocrx_word' id='word_1_95' title='bbox 195 1253 373 1298; x_wconf 91' lang='lat' dir='ltr'>cunctis</span> <span class='ocrx_word' id='word_1_96' title='bbox 394 1253 588 1312; x_wconf 80' lang='lat' dir='ltr'>aedibus,</span> <span class='ocrx_word' id='word_1_97' title='bbox 617 1255 663 1298; x_wconf 92' lang='lat' dir='ltr'>in</span> <span class='ocrx_word' id='word_1_98' title='bbox 687 1252 986 1299; x_wconf 89' lang='lat' dir='ltr'>solitudinem</span> <span class='ocrx_word' id='word_1_99' title='bbox 1009 1261 1113 1296; x_wconf 87' lang='lat' dir='ltr'>sunt</span> <span class='ocrx_word' id='word_1_100' title='bbox 1140 1251 1340 1307; x_wconf 82' lang='lat' dir='ltr'>redacti3</span> <span class='ocrx_word' id='word_1_101' title='bbox 1368 1249 1589 1295; x_wconf 81' lang='lat' dir='ltr'>maledic-</span> 
     </span>
     <span class='ocr_line' id='line_1_16' title="bbox 196 1326 1590 1391; baseline -0.001 -19"><span class='ocrx_word' id='word_1_102' title='bbox 196 1338 388 1389; x_wconf 77' lang='lat' dir='ltr'>tumque</span> <span class='ocrx_word' id='word_1_103' title='bbox 420 1329 533 1373; x_wconf 83' lang='lat' dir='ltr'>illud</span> <span class='ocrx_word' id='word_1_104' title='bbox 565 1329 895 1391; x_wconf 88' lang='lat' dir='ltr'>propheticum</span> <span class='ocrx_word' id='word_1_105' title='bbox 929 1327 1093 1390; x_wconf 88' lang='lat' dir='ltr'>procul</span> <span class='ocrx_word' id='word_1_106' title='bbox 1123 1326 1269 1371; x_wconf 85' lang='lat' dir='ltr'>dubio</span> <span class='ocrx_word' id='word_1_107' title='bbox 1302 1326 1590 1389; x_wconf 87' lang='lat' dir='ltr'>completum</span> 
     </span>
     <span class='ocr_line' id='line_1_17' title="bbox 196 1403 1590 1465; baseline 0 -16"><span class='ocrx_word' id='word_1_108' title='bbox 196 1414 263 1449; x_wconf 91' lang='lat' dir='ltr'>est</span> <span class='ocrx_word' id='word_1_109' title='bbox 290 1422 298 1448; x_wconf 96' lang='lat'><strong>:</strong></span> <span class='ocrx_word' id='word_1_110' title='bbox 331 1424 351 1445; x_wconf 88' lang='lat'>«</span> <span class='ocrx_word' id='word_1_111' title='bbox 375 1406 613 1450; x_wconf 70' lang='lat' dir='ltr'>Convertit</span> <span class='ocrx_word' id='word_1_112' title='bbox 637 1415 808 1450; x_wconf 89' lang='lat' dir='ltr'>terram</span> <span class='ocrx_word' id='word_1_113' title='bbox 839 1420 1001 1449; x_wconf 91' lang='lat' dir='ltr'>eorum</span> <span class='ocrx_word' id='word_1_114' title='bbox 1027 1403 1308 1449; x_wconf 88' lang='lat' dir='ltr'>fructiferam</span> <span class='ocrx_word' id='word_1_115' title='bbox 1331 1404 1379 1448; x_wconf 91' lang='lat' dir='ltr'>in</span> <span class='ocrx_word' id='word_1_116' title='bbox 1402 1404 1590 1465; x_wconf 80' lang='lat' dir='ltr'>salsugi-</span> 
     </span>
     <span class='ocr_line' id='line_1_18' title="bbox 197 1479 1591 1542; baseline 0 -18"><span class='ocrx_word' id='word_1_117' title='bbox 197 1496 305 1525; x_wconf 87' lang='lat' dir='ltr'>nem</span> <span class='ocrx_word' id='word_1_118' title='bbox 327 1481 529 1526; x_wconf 82' lang='lat' dir='ltr'>amentia</span> <span class='ocrx_word' id='word_1_119' title='bbox 553 1480 865 1526; x_wconf 89' lang='lat' dir='ltr'>habitantium</span> <span class='ocrx_word' id='word_1_120' title='bbox 887 1482 933 1525; x_wconf 94' lang='lat' dir='ltr'>in</span> <span class='ocrx_word' id='word_1_121' title='bbox 955 1495 1025 1525; x_wconf 90' lang='lat' dir='ltr'>ea.</span> <span class='ocrx_word' id='word_1_122' title='bbox 1055 1500 1075 1520; x_wconf 73' lang='lat' dir='ltr'>n</span> <span class='ocrx_word' id='word_1_123' title='bbox 1106 1483 1222 1526; x_wconf 87' lang='lat' dir='ltr'>Nam</span> <span class='ocrx_word' id='word_1_124' title='bbox 1246 1479 1327 1525; x_wconf 90' lang='lat' dir='ltr'>ubi</span> <span class='ocrx_word' id='word_1_125' title='bbox 1350 1480 1591 1542; x_wconf 87' lang='lat' dir='ltr'>paululum</span> 
     </span>
     <span class='ocr_line' id='line_1_19' title="bbox 197 1555 1592 1620; baseline 0 -20"><span class='ocrx_word' id='word_1_126' title='bbox 197 1565 303 1601; x_wconf 90' lang='lat' dir='ltr'>ante</span> <span class='ocrx_word' id='word_1_127' title='bbox 335 1556 481 1602; x_wconf 88' lang='lat' dir='ltr'>fuerat</span> <span class='ocrx_word' id='word_1_128' title='bbox 512 1557 636 1602; x_wconf 85' lang='lat' dir='ltr'>velut</span> <span class='ocrx_word' id='word_1_129' title='bbox 669 1557 861 1620; x_wconf 87' lang='lat' dir='ltr'>quidam</span> <span class='ocrx_word' id='word_1_130' title='bbox 894 1555 1138 1619; x_wconf 89' lang='lat' dir='ltr'>paradisus</span> <span class='ocrx_word' id='word_1_131' title='bbox 1172 1556 1446 1619; x_wconf 87' lang='lat' dir='ltr'>voluptatis,</span> <span class='ocrx_word' id='word_1_132' title='bbox 1486 1556 1592 1601; x_wconf 89' lang='lat' dir='ltr'>ubi-</span> 
     </span>
     <span class='ocr_line' id='line_1_20' title="bbox 199 1631 1588 1696; baseline -0.003 -18"><span class='ocrx_word' id='word_1_133' title='bbox 199 1649 307 1696; x_wconf 90' lang='lat' dir='ltr'>que,</span> <span class='ocrx_word' id='word_1_134' title='bbox 327 1633 491 1696; x_wconf 87' lang='lat' dir='ltr'>procul</span> <span class='ocrx_word' id='word_1_135' title='bbox 517 1632 681 1691; x_wconf 90' lang='lat' dir='ltr'>dubio,</span> <span class='ocrx_word' id='word_1_136' title='bbox 708 1653 728 1677; x_wconf 90' lang='lat'>«</span> <span class='ocrx_word' id='word_1_137' title='bbox 750 1633 961 1695; x_wconf 82' lang='lat' dir='ltr'>squalent</span> <span class='ocrx_word' id='word_1_138' title='bbox 982 1631 1196 1678; x_wconf 89' lang='lat' dir='ltr'>abductis</span> <span class='ocrx_word' id='word_1_139' title='bbox 1217 1649 1327 1679; x_wconf 84' lang='lat' dir='ltr'>arva</span> <span class='ocrx_word' id='word_1_140' title='bbox 1350 1633 1548 1691; x_wconf 88' lang='lat' dir='ltr'>colonis,</span> <span class='ocrx_word' id='word_1_141' title='bbox 1569 1653 1588 1673; x_wconf 89' lang='lat'>»</span> 
     </span>
     <span class='ocr_line' id='line_1_21' title="bbox 201 1709 1593 1773; baseline 0 -20"><span class='ocrx_word' id='word_1_142' title='bbox 201 1719 251 1754; x_wconf 89' lang='lat' dir='ltr'>ut</span> <span class='ocrx_word' id='word_1_143' title='bbox 282 1726 368 1755; x_wconf 91' lang='lat' dir='ltr'>nec</span> <span class='ocrx_word' id='word_1_144' title='bbox 398 1710 523 1770; x_wconf 86' lang='lat' dir='ltr'>jam,</span> <span class='ocrx_word' id='word_1_145' title='bbox 551 1727 652 1772; x_wconf 81' lang='lat' dir='ltr'>quae</span> <span class='ocrx_word' id='word_1_146' title='bbox 689 1726 773 1773; x_wconf 86' lang='lat' dir='ltr'>per</span> <span class='ocrx_word' id='word_1_147' title='bbox 802 1710 930 1773; x_wconf 90' lang='lat' dir='ltr'>prius</span> <span class='ocrx_word' id='word_1_148' title='bbox 956 1709 1131 1768; x_wconf 85' lang='lat' dir='ltr'>fuerat,</span> <span class='ocrx_word' id='word_1_149' title='bbox 1169 1709 1250 1754; x_wconf 84' lang='lat' dir='ltr'>sed</span> <span class='ocrx_word' id='word_1_150' title='bbox 1286 1709 1374 1755; x_wconf 87' lang='lat' dir='ltr'>alia</span> <span class='ocrx_word' id='word_1_151' title='bbox 1404 1725 1593 1772; x_wconf 68' lang='lat' dir='ltr'>prorsus</span> 
     </span>
     <span class='ocr_line' id='line_1_22' title="bbox 204 1785 1594 1849; baseline 0 -19"><span class='ocrx_word' id='word_1_152' title='bbox 204 1785 525 1832; x_wconf 89' lang='lat' dir='ltr'>itinerantibus</span> <span class='ocrx_word' id='word_1_153' title='bbox 570 1803 653 1848; x_wconf 87' lang='lat' dir='ltr'>per</span> <span class='ocrx_word' id='word_1_154' title='bbox 700 1802 803 1832; x_wconf 91' lang='lat' dir='ltr'>eam</span> <span class='ocrx_word' id='word_1_155' title='bbox 845 1786 994 1849; x_wconf 87' lang='lat' dir='ltr'>patria</span> <span class='ocrx_word' id='word_1_156' title='bbox 1039 1801 1173 1848; x_wconf 86' lang='lat' dir='ltr'>posse</span> <span class='ocrx_word' id='word_1_157' title='bbox 1221 1785 1472 1831; x_wconf 80' lang='lat' dir='ltr'>existimari</span> <span class='ocrx_word' id='word_1_158' title='bbox 1518 1787 1594 1831; x_wconf 85' lang='lat' dir='ltr'>vi—</span> 
     </span>
     <span class='ocr_line' id='line_1_23' title="bbox 201 1861 380 1907; baseline 0.006 -2"><span class='ocrx_word' id='word_1_159' title='bbox 201 1861 380 1907; x_wconf 89' lang='lat' dir='ltr'>deatur.</span> 
     </span>
    </p>

    <p class='ocr_par' dir='ltr' id='par_1_3' title="bbox 204 1938 1599 2309">
     <span class='ocr_line' id='line_1_24' title="bbox 267 1938 1597 1996; baseline 0.001 -12"><span class='ocrx_word' id='word_1_160' title='bbox 267 1939 487 1994; x_wconf 88' lang='lat' dir='ltr'>Quotidie</span> <span class='ocrx_word' id='word_1_161' title='bbox 524 1938 697 1985; x_wconf 83' lang='lat' dir='ltr'>flebant</span> <span class='ocrx_word' id='word_1_162' title='bbox 730 1940 1047 1996; x_wconf 79' lang='lat' dir='ltr'>incursiones,</span> <span class='ocrx_word' id='word_1_163' title='bbox 1079 1938 1223 1984; x_wconf 89' lang='lat' dir='ltr'>modo</span> <span class='ocrx_word' id='word_1_164' title='bbox 1261 1954 1311 1983; x_wconf 80' lang='lat' dir='ltr'>ex</span> <span class='ocrx_word' id='word_1_165' title='bbox 1349 1939 1597 1985; x_wconf 80' lang='lat' dir='ltr'>Hollandia</span> 
     </span>
     <span class='ocr_line' id='line_1_25' title="bbox 204 2015 1596 2078; baseline 0.001 -19"><span class='ocrx_word' id='word_1_166' title='bbox 204 2024 249 2059; x_wconf 92' lang='lat' dir='ltr'>et</span> <span class='ocrx_word' id='word_1_167' title='bbox 277 2015 512 2078; x_wconf 87' lang='lat' dir='ltr'>oppidulis</span> <span class='ocrx_word' id='word_1_168' title='bbox 537 2032 564 2061; x_wconf 93' lang='lat' dir='ltr'>a</span> <span class='ocrx_word' id='word_1_169' title='bbox 586 2015 808 2078; x_wconf 81' lang='lat' dir='ltr'>pontifice</span> <span class='ocrx_word' id='word_1_170' title='bbox 841 2026 1128 2061; x_wconf 89' lang='lat' dir='ltr'>armatorum</span> <span class='ocrx_word' id='word_1_171' title='bbox 1158 2015 1304 2078; x_wconf 89' lang='lat' dir='ltr'>copiis</span> <span class='ocrx_word' id='word_1_172' title='bbox 1333 2017 1596 2061; x_wconf 87' lang='lat' dir='ltr'>communi-</span> 
     </span>
     <span class='ocr_line' id='line_1_26' title="bbox 206 2089 1598 2152; baseline 0.001 -18"><span class='ocrx_word' id='word_1_173' title='bbox 206 2090 277 2149; x_wconf 81' lang='lat' dir='ltr'>tis,</span> <span class='ocrx_word' id='word_1_174' title='bbox 305 2091 350 2135; x_wconf 91' lang='lat' dir='ltr'>in</span> <span class='ocrx_word' id='word_1_175' title='bbox 378 2106 489 2152; x_wconf 83' lang='lat' dir='ltr'>agro</span> <span class='ocrx_word' id='word_1_176' title='bbox 511 2091 889 2152; x_wconf 83' lang='lat' dir='ltr'>Trajectensiuni,</span> <span class='ocrx_word' id='word_1_177' title='bbox 913 2101 957 2136; x_wconf 89' lang='lat' dir='ltr'>et</span> <span class='ocrx_word' id='word_1_178' title='bbox 978 2092 1075 2136; x_wconf 79' lang='lat' dir='ltr'>vice</span> <span class='ocrx_word' id='word_1_179' title='bbox 1101 2107 1247 2147; x_wconf 79' lang='lat' dir='ltr'>versa,</span> <span class='ocrx_word' id='word_1_180' title='bbox 1272 2089 1426 2136; x_wconf 90' lang='lat' dir='ltr'>donec</span> <span class='ocrx_word' id='word_1_181' title='bbox 1445 2092 1598 2136; x_wconf 92' lang='lat' dir='ltr'>omni-</span> 
     </span>
     <span class='ocr_line' id='line_1_27' title="bbox 208 2166 1599 2232; baseline 0.001 -21"><span class='ocrx_word' id='word_1_182' title='bbox 208 2166 295 2212; x_wconf 89' lang='lat' dir='ltr'>bus</span> <span class='ocrx_word' id='word_1_183' title='bbox 326 2167 534 2230; x_wconf 85' lang='lat' dir='ltr'>expilatis</span> <span class='ocrx_word' id='word_1_184' title='bbox 571 2178 615 2213; x_wconf 87' lang='lat' dir='ltr'>et</span> <span class='ocrx_word' id='word_1_185' title='bbox 648 2167 848 2223; x_wconf 84' lang='lat' dir='ltr'>abrasis,</span> <span class='ocrx_word' id='word_1_186' title='bbox 890 2167 1004 2213; x_wconf 88' lang='lat' dir='ltr'>nihil</span> <span class='ocrx_word' id='word_1_187' title='bbox 1035 2168 1130 2228; x_wconf 87' lang='lat' dir='ltr'>jam</span> <span class='ocrx_word' id='word_1_188' title='bbox 1168 2167 1297 2230; x_wconf 86' lang='lat' dir='ltr'>quod</span> <span class='ocrx_word' id='word_1_189' title='bbox 1334 2178 1488 2230; x_wconf 86' lang='lat' dir='ltr'>posset</span> <span class='ocrx_word' id='word_1_190' title='bbox 1520 2185 1599 2232; x_wconf 88' lang='lat' dir='ltr'>pa-</span> 
     </span>
     <span class='ocr_line' id='line_1_28' title="bbox 209 2244 885 2309; baseline 0.003 -22"><span class='ocrx_word' id='word_1_191' title='bbox 209 2244 366 2289; x_wconf 81' lang='lat' dir='ltr'>tuisse¹</span> <span class='ocrx_word' id='word_1_192' title='bbox 393 2244 584 2307; x_wconf 82' lang='lat' dir='ltr'>praedae,</span> <span class='ocrx_word' id='word_1_193' title='bbox 612 2255 885 2309; x_wconf 89' lang='lat' dir='ltr'>superesset.</span> 
     </span>
    </p>

    <p class='ocr_par' dir='ltr' id='par_1_4' title="bbox 212 2322 1602 2538">
     <span class='ocr_line' id='line_1_29' title="bbox 270 2322 1600 2386; baseline 0.001 -21"><span class='ocrx_word' id='word_1_194' title='bbox 270 2323 477 2368; x_wconf 76' lang='lat' dir='ltr'>Tentavit</span> <span class='ocrx_word' id='word_1_195' title='bbox 519 2322 632 2368; x_wconf 87' lang='lat' dir='ltr'>bina</span> <span class='ocrx_word' id='word_1_196' title='bbox 675 2323 775 2368; x_wconf 84' lang='lat' dir='ltr'>vice</span> <span class='ocrx_word' id='word_1_197' title='bbox 812 2324 914 2386; x_wconf 90' lang='lat' dir='ltr'>pius</span> <span class='ocrx_word' id='word_1_198' title='bbox 952 2322 1182 2385; x_wconf 82' lang='lat' dir='ltr'>pontifex,</span> <span class='ocrx_word' id='word_1_199' title='bbox 1210 2339 1402 2367; x_wconf 88' lang='lat' dir='ltr'>suorum</span> <span class='ocrx_word' id='word_1_200' title='bbox 1430 2323 1600 2367; x_wconf 62' lang='lat' dir='ltr'>civium</span> 
     </span>
     <span class='ocr_line' id='line_1_30' title="bbox 212 2399 1602 2460; baseline 0.001 -18"><span class='ocrx_word' id='word_1_201' title='bbox 212 2400 563 2446; x_wconf 83' lang='lat' dir='ltr'>commiseratus</span> <span class='ocrx_word' id='word_1_202' title='bbox 584 2416 787 2460; x_wconf 88' lang='lat' dir='ltr'>errores,</span> <span class='ocrx_word' id='word_1_203' title='bbox 811 2399 1001 2445; x_wconf 90' lang='lat' dir='ltr'>eosdem</span> <span class='ocrx_word' id='word_1_204' title='bbox 1022 2400 1080 2446; x_wconf 91' lang='lat' dir='ltr'>ad</span> <span class='ocrx_word' id='word_1_205' title='bbox 1103 2401 1171 2445; x_wconf 91' lang='lat' dir='ltr'>sui</span> <span class='ocrx_word' id='word_1_206' title='bbox 1195 2400 1513 2445; x_wconf 81' lang='lat' dir='ltr'>obedientiam</span> <span class='ocrx_word' id='word_1_207' title='bbox 1537 2416 1602 2443; x_wconf 86' lang='lat' dir='ltr'>re-</span> 
     </span>
     <span class='ocr_line' id='line_1_31' title="bbox 213 2476 1602 2538; baseline 0 -18"><span class='ocrx_word' id='word_1_208' title='bbox 213 2490 403 2535; x_wconf 71' lang='lat' dir='ltr'>vocare3</span> <span class='ocrx_word' id='word_1_209' title='bbox 426 2487 471 2522; x_wconf 90' lang='lat' dir='ltr'>et</span> <span class='ocrx_word' id='word_1_210' title='bbox 490 2477 549 2523; x_wconf 89' lang='lat' dir='ltr'>ad</span> <span class='ocrx_word' id='word_1_211' title='bbox 563 2478 844 2523; x_wconf 86' lang='lat' dir='ltr'>monasteria</span> <span class='ocrx_word' id='word_1_212' title='bbox 866 2477 1038 2522; x_wconf 83' lang='lat' dir='ltr'>civitati</span> <span class='ocrx_word' id='word_1_213' title='bbox 1062 2477 1230 2535; x_wconf 72' lang='lat' dir='ltr'>vicina,</span> <span class='ocrx_word' id='word_1_214' title='bbox 1251 2493 1442 2522; x_wconf 86' lang='lat' dir='ltr'>suorum</span> <span class='ocrx_word' id='word_1_215' title='bbox 1469 2476 1602 2538; x_wconf 81' lang='lat' dir='ltr'>stipa-</span> 
     </span>
    </p>
   </div>
   <div class='ocr_carea' id='block_1_3' title="bbox 270 2633 1074 2682">
    <p class='ocr_par' dir='ltr' id='par_1_5' title="bbox 270 2633 1074 2682">
     <span class='ocr_line' id='line_1_32' title="bbox 270 2633 1074 2682; baseline 0.005 -15"><span class='ocrx_word' id='word_1_216' title='bbox 270 2633 304 2667; x_wconf 82' lang='lat'>1.</span> <span class='ocrx_word' id='word_1_217' title='bbox 337 2635 393 2667; x_wconf 73' lang='lat' dir='ltr'>Sir</span> <span class='ocrx_word' id='word_1_218' title='bbox 418 2633 631 2677; x_wconf 65' lang='lat' dir='ltr'>Matihaeus,</span> <span class='ocrx_word' id='word_1_219' title='bbox 654 2640 818 2682; x_wconf 66' lang='lat' dir='ltr'>rapuisse</span> <span class='ocrx_word' id='word_1_220' title='bbox 841 2635 933 2671; x_wconf 54' lang='lat' dir='ltr'>dans</span> <span class='ocrx_word' id='word_1_221' title='bbox 954 2636 987 2671; x_wconf 83' lang='lat' dir='ltr'>lc</span> <span class='ocrx_word' id='word_1_222' title='bbox 1007 2649 1074 2671; x_wconf 65' lang='lat' dir='ltr'>ms.</span> 
     </span>
    </p>
   </div>
  </div>
 </body>
</html>
