<?xml version="1.0" encoding="UTF-8"?>
<!DOCTYPE html PUBLIC "-//W3C//DTD XHTML 1.0 Transitional//EN"
    "http://www.w3.org/TR/xhtml1/DTD/xhtml1-transitional.dtd">
<html xmlns="http://www.w3.org/1999/xhtml" xml:lang="en" lang="en">
 <head>
  <title>
</title>
<meta http-equiv="Content-Type" content="text/html;charset=utf-8" />
  <meta name='ocr-system' content='tesseract 3.04.00' />
  <meta name='ocr-capabilities' content='ocr_page ocr_carea ocr_par ocr_line ocrx_word'/>
</head>
<body>
  <div class='ocr_page' id='page_1' title='image "./histoiredesrgn03basi_0329.png"; bbox 0 0 1875 2956; ppageno 0'>
   <div class='ocr_carea' id='block_1_1' title="bbox 667 201 1548 238">
    <p class='ocr_par' dir='ltr' id='par_1_1' title="bbox 667 201 1548 238">
     <span class='ocr_line' id='line_1_1' title="bbox 667 201 1548 238; baseline 0.003 -3"><span class='ocrx_word' id='word_1_1' title='bbox 667 201 811 236; x_wconf 87' lang='lat' dir='ltr'>LIBER</span> <span class='ocrx_word' id='word_1_2' title='bbox 844 201 1035 236; x_wconf 80' lang='lat' dir='ltr'><strong>PRIMUS.</strong></span> <span class='ocrx_word' id='word_1_3' title='bbox 1475 203 1521 238; x_wconf 76' lang='lat'>27</span> <span class='ocrx_word' id='word_1_4' title='bbox 1530 205 1548 238; x_wconf 76' lang='grc' dir='ltr'><strong>ἵ</strong></span> 
     </span>
    </p>
   </div>
   <div class='ocr_carea' id='block_1_2' title="bbox 143 287 1555 2731">
    <p class='ocr_par' dir='ltr' id='par_1_2' title="bbox 143 287 1555 2731">
     <span class='ocr_line' id='line_1_2' title="bbox 225 287 1550 347; baseline 0.002 -16"><span class='ocrx_word' id='word_1_5' title='bbox 225 290 367 332; x_wconf 85' lang='grc' dir='ltr'><strong>Ρο110</strong></span> <span class='ocrx_word' id='word_1_6' title='bbox 392 304 498 332; x_wconf 87' lang='lat' dir='ltr'>cum</span> <span class='ocrx_word' id='word_1_7' title='bbox 520 288 686 333; x_wconf 82' lang='lat' dir='ltr'>talibus</span> <span class='ocrx_word' id='word_1_8' title='bbox 705 289 749 332; x_wconf 85' lang='lat' dir='ltr'>in</span> <span class='ocrx_word' id='word_1_9' title='bbox 780 287 1047 332; x_wconf 80' lang='lat' dir='ltr'>‹liffidcntiis</span> <span class='ocrx_word' id='word_1_10' title='bbox 1079 296 1172 331; x_wconf 89' lang='lat' dir='ltr'>tam</span> <span class='ocrx_word' id='word_1_11' title='bbox 1203 301 1289 330; x_wconf 87' lang='lat' dir='ltr'>nos</span> <span class='ocrx_word' id='word_1_12' title='bbox 1311 301 1451 347; x_wconf 87' lang='lat' dir='ltr'>quam</span> <span class='ocrx_word' id='word_1_13' title='bbox 1476 289 1550 333; x_wconf 91' lang='lat' dir='ltr'>alii</span> 
     </span>
     <span class='ocr_line' id='line_1_3' title="bbox 154 361 1552 425; baseline -0.001 -17"><span class='ocrx_word' id='word_1_14' title='bbox 154 363 386 422; x_wconf 73' lang='lat' dir='ltr'>nonrmlli,</span> <span class='ocrx_word' id='word_1_15' title='bbox 420 364 500 425; x_wconf 89' lang='lat' dir='ltr'>qui</span> <span class='ocrx_word' id='word_1_16' title='bbox 530 364 932 425; x_wconf 83' lang='lat' dir='ltr'>quemadmodum</span> <span class='ocrx_word' id='word_1_17' title='bbox 960 373 1005 408; x_wconf 92' lang='lat' dir='ltr'>et</span> <span class='ocrx_word' id='word_1_18' title='bbox 1029 380 1115 407; x_wconf 91' lang='grc'><strong>1105</strong></span> <span class='ocrx_word' id='word_1_19' title='bbox 1137 377 1282 422; x_wconf 89' lang='lat' dir='ltr'>regno</span> <span class='ocrx_word' id='word_1_20' title='bbox 1310 378 1358 407; x_wconf 90' lang='lat' dir='ltr'>se</span> <span class='ocrx_word' id='word_1_21' title='bbox 1387 361 1552 407; x_wconf 86' lang='lat' dir='ltr'>absen-</span> 
     </span>
     <span class='ocr_line' id='line_1_4' title="bbox 153 439 1553 504; baseline 0.001 -20"><span class='ocrx_word' id='word_1_22' title='bbox 153 449 303 485; x_wconf 89' lang='lat' dir='ltr'>tarant</span> <span class='ocrx_word' id='word_1_23' title='bbox 320 475 331 495; x_wconf 92' lang='lat'>,</span> <span class='ocrx_word' id='word_1_24' title='bbox 361 440 693 497; x_wconf 80' lang='lat' dir='ltr'>detineremur,</span> <span class='ocrx_word' id='word_1_25' title='bbox 721 442 1098 504; x_wconf 82' lang='lat' dir='ltr'>prospiceretque</span> <span class='ocrx_word' id='word_1_26' title='bbox 1123 456 1200 484; x_wconf 78' lang='lat' dir='ltr'>rex</span> <span class='ocrx_word' id='word_1_27' title='bbox 1219 439 1374 502; x_wconf 88' lang='lat' dir='ltr'>plures</span> <span class='ocrx_word' id='word_1_28' title='bbox 1397 439 1553 485; x_wconf 88' lang='lat' dir='ltr'>adhuc</span> 
     </span>
     <span class='ocr_line' id='line_1_5' title="bbox 151 515 1552 579; baseline 0.001 -19"><span class='ocrx_word' id='word_1_29' title='bbox 151 533 388 579; x_wconf 84' lang='lat' dir='ltr'>superesse</span> <span class='ocrx_word' id='word_1_30' title='bbox 421 516 634 563; x_wconf 82' lang='lat' dir='ltr'>absentes</span> <span class='ocrx_word' id='word_1_31' title='bbox 657 518 753 579; x_wconf 87' lang='lat' dir='ltr'>qui,</span> <span class='ocrx_word' id='word_1_32' title='bbox 788 534 884 562; x_wconf 89' lang='lat' dir='ltr'>non</span> <span class='ocrx_word' id='word_1_33' title='bbox 916 518 1024 561; x_wconf 89' lang='lat' dir='ltr'>satis</span> <span class='ocrx_word' id='word_1_34' title='bbox 1048 515 1159 561; x_wconf 85' lang='lat' dir='ltr'>fidei</span> <span class='ocrx_word' id='word_1_35' title='bbox 1190 515 1425 578; x_wconf 81' lang='lat' dir='ltr'>prioribus</span> <span class='ocrx_word' id='word_1_36' title='bbox 1460 518 1552 562; x_wconf 81' lang='lat' dir='ltr'>suis</span> 
     </span>
     <span class='ocr_line' id='line_1_6' title="bbox 150 592 1550 654; baseline 0 -15"><span class='ocrx_word' id='word_1_37' title='bbox 150 593 484 640; x_wconf 83' lang='lat' dir='ltr'>abolitionibus</span> <span class='ocrx_word' id='word_1_38' title='bbox 508 594 749 653; x_wconf 89' lang='lat' dir='ltr'>habentes,</span> <span class='ocrx_word' id='word_1_39' title='bbox 776 593 963 639; x_wconf 90' lang='lat' dir='ltr'>rediisse</span> <span class='ocrx_word' id='word_1_40' title='bbox 987 592 1073 638; x_wconf 90' lang='lat' dir='ltr'>sub</span> <span class='ocrx_word' id='word_1_41' title='bbox 1097 593 1194 654; x_wconf 88' lang='lat' dir='ltr'>ejus</span> <span class='ocrx_word' id='word_1_42' title='bbox 1217 593 1443 639; x_wconf 88' lang='lat' dir='ltr'>ditionem</span> <span class='ocrx_word' id='word_1_43' title='bbox 1470 593 1550 639; x_wconf 90' lang='lat' dir='ltr'>de-</span> 
     </span>
     <span class='ocr_line' id='line_1_7' title="bbox 152 669 1548 733; baseline 0.001 -17"><span class='ocrx_word' id='word_1_44' title='bbox 152 681 447 731; x_wconf 80' lang='lat' dir='ltr'>tractassent,</span> <span class='ocrx_word' id='word_1_45' title='bbox 496 688 592 718; x_wconf 90' lang='grc'><strong>11011</strong></span> <span class='ocrx_word' id='word_1_46' title='bbox 635 681 731 716; x_wconf 85' lang='lat' dir='ltr'>tam</span> <span class='ocrx_word' id='word_1_47' title='bbox 774 671 877 715; x_wconf 91' lang='lat' dir='ltr'>illos</span> <span class='ocrx_word' id='word_1_48' title='bbox 921 670 1195 732; x_wconf 83' lang='lat' dir='ltr'>acquirendi</span> <span class='ocrx_word' id='word_1_49' title='bbox 1240 669 1353 729; x_wconf 91' lang='lat' dir='ltr'>sibi,</span> <span class='ocrx_word' id='word_1_50' title='bbox 1407 687 1548 733; x_wconf 85' lang='lat' dir='ltr'>quam</span> 
     </span>
     <span class='ocr_line' id='line_1_8' title="bbox 150 746 1551 810; baseline 0.001 -18"><span class='ocrx_word' id='word_1_51' title='bbox 150 765 235 793; x_wconf 86' lang='grc'><strong>5110</strong></span> <span class='ocrx_word' id='word_1_52' title='bbox 278 765 501 809; x_wconf 88' lang='lat' dir='ltr'>germano</span> <span class='ocrx_word' id='word_1_53' title='bbox 528 748 601 794; x_wconf 80' lang='lat' dir='ltr'>vel</span> <span class='ocrx_word' id='word_1_54' title='bbox 633 748 733 793; x_wconf 88' lang='lat' dir='ltr'>aliis</span> <span class='ocrx_word' id='word_1_55' title='bbox 767 746 855 791; x_wconf 89' lang='lat' dir='ltr'>sibi</span> <span class='ocrx_word' id='word_1_56' title='bbox 891 746 1123 792; x_wconf 88' lang='lat' dir='ltr'>foederatis</span> <span class='ocrx_word' id='word_1_57' title='bbox 1148 746 1441 810; x_wconf 87' lang='lat' dir='ltr'>principibus</span> <span class='ocrx_word' id='word_1_58' title='bbox 1472 764 1551 794; x_wconf 88' lang='lat' dir='ltr'>au—</span> 
     </span>
     <span class='ocr_line' id='line_1_9' title="bbox 151 823 1549 886; baseline 0.003 -19"><span class='ocrx_word' id='word_1_59' title='bbox 151 823 327 870; x_wconf 85' lang='lat' dir='ltr'>ferendi</span> <span class='ocrx_word' id='word_1_60' title='bbox 357 825 501 886; x_wconf 87' lang='lat' dir='ltr'>gratia</span> <span class='ocrx_word' id='word_1_61' title='bbox 531 834 669 886; x_wconf 86' lang='lat' dir='ltr'>atque</span> <span class='ocrx_word' id='word_1_62' title='bbox 702 824 990 883; x_wconf 89' lang='lat' dir='ltr'>intentione,</span> <span class='ocrx_word' id='word_1_63' title='bbox 1026 840 1086 869; x_wconf 91' lang='lat' dir='ltr'>ne</span> <span class='ocrx_word' id='word_1_64' title='bbox 1112 840 1230 885; x_wconf 88' lang='lat' dir='ltr'>quos</span> <span class='ocrx_word' id='word_1_65' title='bbox 1255 823 1341 869; x_wconf 90' lang='lat' dir='ltr'>sibi</span> <span class='ocrx_word' id='word_1_66' title='bbox 1367 824 1549 871; x_wconf 84' lang='lat' dir='ltr'>favores</span> 
     </span>
     <span class='ocr_line' id='line_1_10' title="bbox 150 900 1548 966; baseline 0 -19"><span class='ocrx_word' id='word_1_67' title='bbox 150 912 227 947; x_wconf 88' lang='lat' dir='ltr'>aut</span> <span class='ocrx_word' id='word_1_68' title='bbox 263 902 455 947; x_wconf 89' lang='lat' dir='ltr'>consilia</span> <span class='ocrx_word' id='word_1_69' title='bbox 483 901 707 964; x_wconf 88' lang='lat' dir='ltr'>impertiri</span> <span class='ocrx_word' id='word_1_70' title='bbox 740 911 957 966; x_wconf 86' lang='lat' dir='ltr'>possent,</span> <span class='ocrx_word' id='word_1_71' title='bbox 994 900 1250 946; x_wconf 90' lang='lat' dir='ltr'>secundam</span> <span class='ocrx_word' id='word_1_72' title='bbox 1286 902 1548 962; x_wconf 81' lang='lat' dir='ltr'>generalem</span> 
     </span>
     <span class='ocr_line' id='line_1_11' title="bbox 150 977 1550 1038; baseline 0.001 -16"><span class='ocrx_word' id='word_1_73' title='bbox 150 979 425 1024; x_wconf 86' lang='lat' dir='ltr'>amnestiam</span> <span class='ocrx_word' id='word_1_74' title='bbox 450 995 531 1023; x_wconf 90' lang='lat' dir='ltr'>seu</span> <span class='ocrx_word' id='word_1_75' title='bbox 563 977 870 1024; x_wconf 86' lang='lat' dir='ltr'>abolitionem</span> <span class='ocrx_word' id='word_1_76' title='bbox 903 979 950 1022; x_wconf 92' lang='lat' dir='ltr'>in</span> <span class='ocrx_word' id='word_1_77' title='bbox 985 978 1082 1022; x_wconf 72' lang='lat' dir='ltr'>vim</span> <span class='ocrx_word' id='word_1_78' title='bbox 1114 978 1278 1038; x_wconf 88' lang='lat' dir='ltr'>regalis</span> <span class='ocrx_word' id='word_1_79' title='bbox 1302 977 1440 1023; x_wconf 88' lang='lat' dir='ltr'>edicti</span> <span class='ocrx_word' id='word_1_80' title='bbox 1471 979 1550 1023; x_wconf 91' lang='lat' dir='ltr'>de-</span> 
     </span>
     <span class='ocr_line' id='line_1_12' title="bbox 149 1053 1550 1116; baseline 0.001 -17"><span class='ocrx_word' id='word_1_81' title='bbox 149 1055 314 1113; x_wconf 63' lang='lat' dir='ltr'>crexit,</span> <span class='ocrx_word' id='word_1_82' title='bbox 338 1071 440 1116; x_wconf 78' lang='lat' dir='ltr'>quae</span> <span class='ocrx_word' id='word_1_83' title='bbox 460 1055 742 1100; x_wconf 85' lang='lat' dir='ltr'>anteriorem</span> <span class='ocrx_word' id='word_1_84' title='bbox 768 1054 958 1116; x_wconf 89' lang='lat' dir='ltr'>quidem</span> <span class='ocrx_word' id='word_1_85' title='bbox 982 1053 1295 1100; x_wconf 82' lang='lat' dir='ltr'>confirmabat</span> <span class='ocrx_word' id='word_1_86' title='bbox 1316 1064 1456 1116; x_wconf 89' lang='lat' dir='ltr'>atque</span> <span class='ocrx_word' id='word_1_87' title='bbox 1481 1056 1550 1100; x_wconf 89' lang='lat' dir='ltr'>in-</span> 
     </span>
     <span class='ocr_line' id='line_1_13' title="bbox 150 1131 1549 1194; baseline 0.001 -18"><span class='ocrx_word' id='word_1_88' title='bbox 150 1131 380 1190; x_wconf 80' lang='lat' dir='ltr'>novabat;</span> <span class='ocrx_word' id='word_1_89' title='bbox 414 1142 459 1178; x_wconf 90' lang='lat' dir='ltr'>et</span> <span class='ocrx_word' id='word_1_90' title='bbox 485 1132 790 1177; x_wconf 87' lang='lat' dir='ltr'>nihilominus</span> <span class='ocrx_word' id='word_1_91' title='bbox 819 1147 923 1177; x_wconf 78' lang='lat' dir='ltr'>eain</span> <span class='ocrx_word' id='word_1_92' title='bbox 949 1132 1177 1194; x_wconf 86' lang='lat' dir='ltr'>amplians</span> <span class='ocrx_word' id='word_1_93' title='bbox 1193 1166 1205 1188; x_wconf 87' lang='lat'><em>‚</em></span> <span class='ocrx_word' id='word_1_94' title='bbox 1242 1131 1402 1176; x_wconf 88' lang='lat' dir='ltr'>omnia</span> <span class='ocrx_word' id='word_1_95' title='bbox 1426 1148 1549 1194; x_wconf 73' lang='lat' dir='ltr'>qua:-</span> 
     </span>
     <span class='ocr_line' id='line_1_14' title="bbox 149 1208 1545 1271; baseline 0.001 -19"><span class='ocrx_word' id='word_1_96' title='bbox 149 1225 350 1270; x_wconf 81' lang='lat' dir='ltr'>cumque</span> <span class='ocrx_word' id='word_1_97' title='bbox 385 1208 529 1254; x_wconf 78' lang='lat' dir='ltr'>verbo</span> <span class='ocrx_word' id='word_1_98' title='bbox 572 1209 642 1254; x_wconf 90' lang='lat' dir='ltr'>vel</span> <span class='ocrx_word' id='word_1_99' title='bbox 682 1208 802 1254; x_wconf 87' lang='lat' dir='ltr'>facto</span> <span class='ocrx_word' id='word_1_100' title='bbox 836 1225 1136 1271; x_wconf 87' lang='lat' dir='ltr'>quocumque</span> <span class='ocrx_word' id='word_1_101' title='bbox 1179 1209 1324 1254; x_wconf 90' lang='lat' dir='ltr'>modo</span> <span class='ocrx_word' id='word_1_102' title='bbox 1364 1209 1545 1271; x_wconf 77' lang='lat' dir='ltr'>quivis,</span> 
     </span>
     <span class='ocr_line' id='line_1_15' title="bbox 148 1286 1549 1348; baseline 0.001 -19"><span class='ocrx_word' id='word_1_103' title='bbox 148 1286 485 1348; x_wconf 83' lang='lat' dir='ltr'>cujuscumque</span> <span class='ocrx_word' id='word_1_104' title='bbox 517 1296 676 1345; x_wconf 84' lang='lat' dir='ltr'>status,</span> <span class='ocrx_word' id='word_1_105' title='bbox 707 1286 875 1347; x_wconf 89' lang='lat' dir='ltr'>gradus</span> <span class='ocrx_word' id='word_1_106' title='bbox 902 1286 975 1331; x_wconf 87' lang='lat' dir='ltr'>vel</span> <span class='ocrx_word' id='word_1_107' title='bbox 1006 1286 1184 1331; x_wconf 89' lang='lat' dir='ltr'>ordinis</span> <span class='ocrx_word' id='word_1_108' title='bbox 1206 1296 1340 1342; x_wconf 84' lang='lat' dir='ltr'>esset,</span> <span class='ocrx_word' id='word_1_109' title='bbox 1368 1287 1415 1330; x_wconf 91' lang='lat' dir='ltr'>in</span> <span class='ocrx_word' id='word_1_110' title='bbox 1441 1302 1549 1331; x_wconf 90' lang='lat' dir='ltr'>eum</span> 
     </span>
     <span class='ocr_line' id='line_1_16' title="bbox 147 1363 1550 1427; baseline -0.001 -18"><span class='ocrx_word' id='word_1_111' title='bbox 147 1364 388 1409; x_wconf 83' lang='lat' dir='ltr'>admittere</span> <span class='ocrx_word' id='word_1_112' title='bbox 414 1365 640 1427; x_wconf 89' lang='lat' dir='ltr'>potuisset</span> <span class='ocrx_word' id='word_1_113' title='bbox 662 1381 808 1426; x_wconf 89' lang='lat' dir='ltr'>usque</span> <span class='ocrx_word' id='word_1_114' title='bbox 838 1363 895 1409; x_wconf 88' lang='lat' dir='ltr'>ad</span> <span class='ocrx_word' id='word_1_115' title='bbox 924 1363 1081 1408; x_wconf 89' lang='lat' dir='ltr'>datam</span> <span class='ocrx_word' id='word_1_116' title='bbox 1113 1363 1322 1425; x_wconf 90' lang='lat' dir='ltr'>ejusdem</span> <span class='ocrx_word' id='word_1_117' title='bbox 1341 1400 1352 1422; x_wconf 94' lang='lat'>,</span> <span class='ocrx_word' id='word_1_118' title='bbox 1378 1363 1550 1425; x_wconf 86' lang='lat' dir='ltr'>plenis-</span> 
     </span>
     <span class='ocr_line' id='line_1_17' title="bbox 144 1438 1550 1502; baseline 0 -19"><span class='ocrx_word' id='word_1_119' title='bbox 144 1440 259 1483; x_wconf 84' lang='lat' dir='ltr'>sime</span> <span class='ocrx_word' id='word_1_120' title='bbox 290 1439 617 1498; x_wconf 85' lang='lat' dir='ltr'>condonabat,</span> <span class='ocrx_word' id='word_1_121' title='bbox 652 1441 898 1484; x_wconf 87' lang='lat' dir='ltr'>restituens</span> <span class='ocrx_word' id='word_1_122' title='bbox 916 1455 1303 1501; x_wconf 87' lang='lat' dir='ltr'>unumquemque</span> <span class='ocrx_word' id='word_1_123' title='bbox 1326 1438 1385 1484; x_wconf 85' lang='lat' dir='ltr'>ad</span> <span class='ocrx_word' id='word_1_124' title='bbox 1409 1440 1550 1502; x_wconf 77' lang='lat' dir='ltr'>patri-</span> 
     </span>
     <span class='ocr_line' id='line_1_18' title="bbox 146 1515 1550 1579; baseline 0.002 -20"><span class='ocrx_word' id='word_1_125' title='bbox 146 1517 323 1572; x_wconf 87' lang='lat' dir='ltr'>monia,</span> <span class='ocrx_word' id='word_1_126' title='bbox 343 1515 588 1574; x_wconf 81' lang='lat' dir='ltr'>beneficia,</span> <span class='ocrx_word' id='word_1_127' title='bbox 616 1515 878 1577; x_wconf 79' lang='lat' dir='ltr'>dignitates,</span> <span class='ocrx_word' id='word_1_128' title='bbox 896 1516 1002 1577; x_wconf 87' lang='lat' dir='ltr'>jura</span> <span class='ocrx_word' id='word_1_129' title='bbox 1021 1516 1392 1579; x_wconf 82' lang='lat' dir='ltr'>etpossessiones</span> <span class='ocrx_word' id='word_1_130' title='bbox 1413 1533 1550 1579; x_wconf 91' lang='lat' dir='ltr'>quas-</span> 
     </span>
     <span class='ocr_line' id='line_1_19' title="bbox 144 1591 1548 1654; baseline 0.001 -18"><span class='ocrx_word' id='word_1_131' title='bbox 144 1608 345 1654; x_wconf 86' lang='lat' dir='ltr'>cumque</span> <span class='ocrx_word' id='word_1_132' title='bbox 360 1602 455 1638; x_wconf 87' lang='lat' dir='ltr'>tam</span> <span class='ocrx_word' id='word_1_133' title='bbox 469 1591 785 1637; x_wconf 84' lang='lat' dir='ltr'>immobilium</span> <span class='ocrx_word' id='word_1_134' title='bbox 801 1608 942 1653; x_wconf 86' lang='lat' dir='ltr'>quam</span> <span class='ocrx_word' id='word_1_135' title='bbox 963 1592 1211 1637; x_wconf 82' lang='lat' dir='ltr'>mobilium</span> <span class='ocrx_word' id='word_1_136' title='bbox 1230 1593 1548 1638; x_wconf 85' lang='lat' dir='ltr'>exsistentium</span> 
     </span>
     <span class='ocr_line' id='line_1_20' title="bbox 145 1667 1550 1731; baseline 0.002 -20"><span class='ocrx_word' id='word_1_137' title='bbox 145 1668 190 1711; x_wconf 91' lang='lat' dir='ltr'>in</span> <span class='ocrx_word' id='word_1_138' title='bbox 213 1685 370 1713; x_wconf 87' lang='lat' dir='ltr'>rerum</span> <span class='ocrx_word' id='word_1_139' title='bbox 394 1678 582 1724; x_wconf 81' lang='lat' dir='ltr'>natura3</span> <span class='ocrx_word' id='word_1_140' title='bbox 611 1667 874 1731; x_wconf 77' lang='lat' dir='ltr'>[adjiciens]</span> <span class='ocrx_word' id='word_1_141' title='bbox 908 1668 1037 1730; x_wconf 88' lang='grc'><strong>(111011</strong></span> <span class='ocrx_word' id='word_1_142' title='bbox 1065 1669 1341 1714; x_wconf 85' lang='lat' dir='ltr'>corumdem</span> <span class='ocrx_word' id='word_1_143' title='bbox 1368 1686 1550 1731; x_wconf 87' lang='lat' dir='ltr'>posses-</span> 
     </span>
     <span class='ocr_line' id='line_1_21' title="bbox 145 1743 1552 1802; baseline 0.003 -15"><span class='ocrx_word' id='word_1_144' title='bbox 145 1743 325 1787; x_wconf 86' lang='lat' dir='ltr'>sionem</span> <span class='ocrx_word' id='word_1_145' title='bbox 357 1760 549 1789; x_wconf 89' lang='lat' dir='ltr'>suorum</span> <span class='ocrx_word' id='word_1_146' title='bbox 580 1744 844 1802; x_wconf 89' lang='lat' dir='ltr'>bonorum,</span> <span class='ocrx_word' id='word_1_147' title='bbox 882 1760 979 1789; x_wconf 88' lang='lat' dir='ltr'>non</span> <span class='ocrx_word' id='word_1_148' title='bbox 1017 1744 1313 1790; x_wconf 80' lang='lat' dir='ltr'>obstantibus</span> <span class='ocrx_word' id='word_1_149' title='bbox 1341 1745 1552 1791; x_wconf 88' lang='lat' dir='ltr'>donatio-</span> 
     </span>
     <span class='ocr_line' id='line_1_22' title="bbox 146 1817 1550 1884; baseline 0.004 -22"><span class='ocrx_word' id='word_1_150' title='bbox 146 1817 284 1863; x_wconf 88' lang='lat' dir='ltr'>nibus</span> <span class='ocrx_word' id='word_1_151' title='bbox 303 1819 359 1863; x_wconf 91' lang='lat' dir='ltr'>de</span> <span class='ocrx_word' id='word_1_152' title='bbox 374 1820 438 1864; x_wconf 92' lang='lat' dir='ltr'>eis</span> <span class='ocrx_word' id='word_1_153' title='bbox 453 1820 552 1865; x_wconf 90' lang='lat' dir='ltr'>aliis</span> <span class='ocrx_word' id='word_1_154' title='bbox 574 1822 785 1884; x_wconf 90' lang='lat' dir='ltr'>personis</span> <span class='ocrx_word' id='word_1_155' title='bbox 808 1821 953 1877; x_wconf 79' lang='lat' dir='ltr'>factis,</span> <span class='ocrx_word' id='word_1_156' title='bbox 972 1821 1185 1879; x_wconf 88' lang='lat' dir='ltr'>decretis,</span> <span class='ocrx_word' id='word_1_157' title='bbox 1206 1823 1444 1867; x_wconf 91' lang='lat' dir='ltr'>sententiis</span> <span class='ocrx_word' id='word_1_158' title='bbox 1469 1840 1550 1868; x_wconf 91' lang='lat' dir='ltr'>seu</span> 
     </span>
     <span class='ocr_line' id='line_1_23' title="bbox 144 1896 1549 1958; baseline 0.003 -18"><span class='ocrx_word' id='word_1_159' title='bbox 144 1896 326 1940; x_wconf 89' lang='lat' dir='ltr'>arrestis</span> <span class='ocrx_word' id='word_1_160' title='bbox 355 1905 521 1941; x_wconf 86' lang='lat' dir='ltr'>contra</span> <span class='ocrx_word' id='word_1_161' title='bbox 557 1913 604 1941; x_wconf 89' lang='lat' dir='ltr'>se</span> <span class='ocrx_word' id='word_1_162' title='bbox 637 1896 850 1942; x_wconf 86' lang='lat' dir='ltr'>absentes</span> <span class='ocrx_word' id='word_1_163' title='bbox 875 1898 1005 1943; x_wconf 84' lang='lat' dir='ltr'>factis</span> <span class='ocrx_word' id='word_1_164' title='bbox 1031 1908 1076 1943; x_wconf 91' lang='lat' dir='ltr'>et</span> <span class='ocrx_word' id='word_1_165' title='bbox 1101 1898 1257 1958; x_wconf 89' lang='lat' dir='ltr'>dictis,</span> <span class='ocrx_word' id='word_1_166' title='bbox 1283 1898 1475 1944; x_wconf 82' lang='lat' dir='ltr'>cuilibet</span> <span class='ocrx_word' id='word_1_167' title='bbox 1497 1900 1549 1944; x_wconf 91' lang='lat' dir='ltr'>li-</span> 
     </span>
     <span class='ocr_line' id='line_1_24' title="bbox 143 1972 1550 2037; baseline 0.004 -21"><span class='ocrx_word' id='word_1_168' title='bbox 143 1972 287 2017; x_wconf 90' lang='lat' dir='ltr'>citum</span> <span class='ocrx_word' id='word_1_169' title='bbox 305 1973 421 2018; x_wconf 90' lang='lat' dir='ltr'>foret</span> <span class='ocrx_word' id='word_1_170' title='bbox 440 1974 632 2036; x_wconf 90' lang='lat' dir='ltr'>propria</span> <span class='ocrx_word' id='word_1_171' title='bbox 648 1975 922 2020; x_wconf 87' lang='lat' dir='ltr'>auctoritate</span> <span class='ocrx_word' id='word_1_172' title='bbox 940 1974 1119 2035; x_wconf 81' lang='lat' dir='ltr'>ingredi</span> <span class='ocrx_word' id='word_1_173' title='bbox 1134 1985 1178 2020; x_wconf 86' lang='lat' dir='ltr'>et</span> <span class='ocrx_word' id='word_1_174' title='bbox 1198 1975 1550 2037; x_wconf 86' lang='lat' dir='ltr'>apprehendere</span> 
     </span>
     <span class='ocr_line' id='line_1_25' title="bbox 143 2049 1551 2113; baseline 0.003 -19"><span class='ocrx_word' id='word_1_175' title='bbox 143 2049 319 2111; x_wconf 91' lang='lat' dir='ltr'>absque</span> <span class='ocrx_word' id='word_1_176' title='bbox 343 2051 498 2112; x_wconf 87' lang='lat' dir='ltr'>aliqua</span> <span class='ocrx_word' id='word_1_177' title='bbox 534 2067 723 2113; x_wconf 88' lang='lat' dir='ltr'>prorsus</span> <span class='ocrx_word' id='word_1_178' title='bbox 756 2051 971 2113; x_wconf 88' lang='lat' dir='ltr'>judicum</span> <span class='ocrx_word' id='word_1_179' title='bbox 1007 2062 1086 2098; x_wconf 86' lang='lat' dir='ltr'>aut</span> <span class='ocrx_word' id='word_1_180' title='bbox 1119 2062 1443 2097; x_wconf 82' lang='lat' dir='ltr'>exsecutorum</span> <span class='ocrx_word' id='word_1_181' title='bbox 1483 2070 1551 2098; x_wconf 93' lang='lat' dir='ltr'>re-</span> 
     </span>
     <span class='ocr_line' id='line_1_26' title="bbox 143 2127 1547 2192; baseline 0.002 -21"><span class='ocrx_word' id='word_1_182' title='bbox 143 2128 392 2188; x_wconf 88' lang='lat' dir='ltr'>quisitione</span> <span class='ocrx_word' id='word_1_183' title='bbox 415 2144 494 2172; x_wconf 89' lang='lat' dir='ltr'>seu</span> <span class='ocrx_word' id='word_1_184' title='bbox 517 2127 632 2189; x_wconf 91' lang='lat' dir='ltr'>juris</span> <span class='ocrx_word' id='word_1_185' title='bbox 661 2129 936 2187; x_wconf 85' lang='lat' dir='ltr'>ministerio,</span> <span class='ocrx_word' id='word_1_186' title='bbox 966 2129 1234 2191; x_wconf 87' lang='lat' dir='ltr'>eisdemque</span> <span class='ocrx_word' id='word_1_187' title='bbox 1267 2130 1360 2175; x_wconf 86' lang='lat' dir='ltr'>suis</span> <span class='ocrx_word' id='word_1_188' title='bbox 1384 2130 1547 2192; x_wconf 87' lang='lat' dir='ltr'>potiri,</span> 
     </span>
     <span class='ocr_line' id='line_1_27' title="bbox 143 2204 1553 2267; baseline 0.003 -19"><span class='ocrx_word' id='word_1_189' title='bbox 143 2204 391 2249; x_wconf 90' lang='lat' dir='ltr'>residendo</span> <span class='ocrx_word' id='word_1_190' title='bbox 414 2204 700 2267; x_wconf 86' lang='lat' dir='ltr'>ubicumque</span> <span class='ocrx_word' id='word_1_191' title='bbox 722 2204 903 2263; x_wconf 84' lang='lat' dir='ltr'>liberet,</span> <span class='ocrx_word' id='word_1_192' title='bbox 932 2207 1025 2251; x_wconf 69' lang='lat' dir='ltr'>sive</span> <span class='ocrx_word' id='word_1_193' title='bbox 1050 2207 1096 2251; x_wconf 92' lang='lat' dir='ltr'>in</span> <span class='ocrx_word' id='word_1_194' title='bbox 1119 2222 1284 2267; x_wconf 83' lang='lat' dir='ltr'>regno,</span> <span class='ocrx_word' id='word_1_195' title='bbox 1307 2207 1402 2252; x_wconf 71' lang='lat' dir='ltr'>sive</span> <span class='ocrx_word' id='word_1_196' title='bbox 1426 2217 1553 2253; x_wconf 86' lang='lat' dir='ltr'>extra</span> 
     </span>
     <span class='ocr_line' id='line_1_28' title="bbox 144 2284 1552 2346; baseline 0.003 -21"><span class='ocrx_word' id='word_1_197' title='bbox 144 2298 357 2342; x_wconf 85' lang='lat' dir='ltr'>regnum.</span> <span class='ocrx_word' id='word_1_198' title='bbox 392 2285 758 2343; x_wconf 87' lang='lat' dir='ltr'>Verumtamen,</span> <span class='ocrx_word' id='word_1_199' title='bbox 787 2284 945 2346; x_wconf 85' lang='lat' dir='ltr'>quoad</span> <span class='ocrx_word' id='word_1_200' title='bbox 980 2301 1066 2329; x_wconf 85' lang='lat' dir='ltr'>nos</span> <span class='ocrx_word' id='word_1_201' title='bbox 1095 2284 1322 2330; x_wconf 81' lang='lat' dir='ltr'>attinebat.</span> <span class='ocrx_word' id='word_1_202' title='bbox 1360 2294 1405 2330; x_wconf 88' lang='lat' dir='ltr'>et</span> <span class='ocrx_word' id='word_1_203' title='bbox 1437 2285 1552 2330; x_wconf 89' lang='lat' dir='ltr'>alios</span> 
     </span>
     <span class='ocr_line' id='line_1_29' title="bbox 147 2360 1554 2424; baseline 0.004 -23"><span class='ocrx_word' id='word_1_204' title='bbox 147 2368 328 2403; x_wconf 84' lang='lat' dir='ltr'>nostros</span> <span class='ocrx_word' id='word_1_205' title='bbox 353 2360 554 2422; x_wconf 80' lang='lat' dir='ltr'>collegas</span> <span class='ocrx_word' id='word_1_206' title='bbox 587 2362 633 2405; x_wconf 93' lang='lat' dir='ltr'>in</span> <span class='ocrx_word' id='word_1_207' title='bbox 661 2377 747 2420; x_wconf 88' lang='lat' dir='ltr'>ea,</span> <span class='ocrx_word' id='word_1_208' title='bbox 784 2378 927 2424; x_wconf 87' lang='lat' dir='ltr'>quam</span> <span class='ocrx_word' id='word_1_209' title='bbox 961 2378 1102 2424; x_wconf 88' lang='lat' dir='ltr'>supra</span> <span class='ocrx_word' id='word_1_210' title='bbox 1133 2363 1405 2422; x_wconf 90' lang='lat' dir='ltr'>retulimus,</span> <span class='ocrx_word' id='word_1_211' title='bbox 1436 2363 1554 2422; x_wconf 88' lang='lat' dir='ltr'>lega-</span> 
     </span>
     <span class='ocr_line' id='line_1_30' title="bbox 146 2434 1550 2500; baseline 0.006 -24"><span class='ocrx_word' id='word_1_212' title='bbox 146 2434 297 2491; x_wconf 81' lang='lat' dir='ltr'>tione,</span> <span class='ocrx_word' id='word_1_213' title='bbox 344 2437 647 2483; x_wconf 88' lang='lat' dir='ltr'>continebant</span> <span class='ocrx_word' id='word_1_214' title='bbox 690 2440 822 2500; x_wconf 71' lang='lat' dir='ltr'>regiae</span> <span class='ocrx_word' id='word_1_215' title='bbox 859 2439 1185 2500; x_wconf 87' lang='lat' dir='ltr'>hujuscemodi</span> <span class='ocrx_word' id='word_1_216' title='bbox 1228 2440 1387 2485; x_wconf 85' lang='lat' dir='ltr'>litterae</span> <span class='ocrx_word' id='word_1_217' title='bbox 1423 2440 1550 2500; x_wconf 86' lang='grc'><strong>(111011</strong></span> 
     </span>
     <span class='ocr_line' id='line_1_31' title="bbox 144 2513 1553 2579; baseline 0.005 -26"><span class='ocrx_word' id='word_1_218' title='bbox 144 2525 304 2555; x_wconf 89' lang='lat' dir='ltr'>earum</span> <span class='ocrx_word' id='word_1_219' title='bbox 328 2513 518 2573; x_wconf 85' lang='lat' dir='ltr'>quidem</span> <span class='ocrx_word' id='word_1_220' title='bbox 542 2514 861 2577; x_wconf 89' lang='lat' dir='ltr'>indulgentia,</span> <span class='ocrx_word' id='word_1_221' title='bbox 891 2526 941 2560; x_wconf 86' lang='lat' dir='ltr'>ut</span> <span class='ocrx_word' id='word_1_222' title='bbox 965 2518 1132 2575; x_wconf 58' lang='lat' dir='ltr'>creteri,</span> <span class='ocrx_word' id='word_1_223' title='bbox 1163 2517 1423 2579; x_wconf 86' lang='lat' dir='ltr'>potiremur</span> <span class='ocrx_word' id='word_1_224' title='bbox 1436 2533 1448 2571; x_wconf 84' lang='lat'><em>3</em></span> <span class='ocrx_word' id='word_1_225' title='bbox 1472 2531 1553 2560; x_wconf 59' lang='lat' dir='ltr'>ve-</span> 
     </span>
     <span class='ocr_line' id='line_1_32' title="bbox 148 2588 1555 2652; baseline 0.006 -24"><span class='ocrx_word' id='word_1_226' title='bbox 148 2603 251 2630; x_wconf 89' lang='lat' dir='ltr'>rum</span> <span class='ocrx_word' id='word_1_227' title='bbox 285 2588 471 2634; x_wconf 79' lang='lat' dir='ltr'>volebat</span> <span class='ocrx_word' id='word_1_228' title='bbox 494 2606 572 2634; x_wconf 83' lang='lat' dir='ltr'>rex</span> <span class='ocrx_word' id='word_1_229' title='bbox 599 2591 663 2635; x_wconf 83' lang='lat' dir='ltr'>uti</span> <span class='ocrx_word' id='word_1_230' title='bbox 696 2592 866 2637; x_wconf 88' lang='lat' dir='ltr'>nostris</span> <span class='ocrx_word' id='word_1_231' title='bbox 890 2593 1085 2637; x_wconf 82' lang='lat' dir='ltr'>servitiis</span> <span class='ocrx_word' id='word_1_232' title='bbox 1112 2610 1120 2634; x_wconf 91' lang='lat'>:</span> <span class='ocrx_word' id='word_1_233' title='bbox 1151 2592 1282 2652; x_wconf 86' lang='lat' dir='ltr'>cujus</span> <span class='ocrx_word' id='word_1_234' title='bbox 1315 2591 1379 2634; x_wconf 87' lang='lat' dir='ltr'>rei</span> <span class='ocrx_word' id='word_1_235' title='bbox 1410 2591 1555 2650; x_wconf 86' lang='lat' dir='ltr'>gratia</span> 
     </span>
     <span class='ocr_line' id='line_1_33' title="bbox 148 2664 1547 2731; baseline 0.004 -24"><span class='ocrx_word' id='word_1_236' title='bbox 148 2664 416 2725; x_wconf 81' lang='lat' dir='ltr'>injungebat</span> <span class='ocrx_word' id='word_1_237' title='bbox 445 2677 493 2711; x_wconf 86' lang='lat' dir='ltr'>ut</span> <span class='ocrx_word' id='word_1_238' title='bbox 525 2668 582 2712; x_wconf 87' lang='lat' dir='ltr'>ad</span> <span class='ocrx_word' id='word_1_239' title='bbox 605 2669 671 2712; x_wconf 83' lang='lat' dir='ltr'>sui</span> <span class='ocrx_word' id='word_1_240' title='bbox 692 2670 983 2731; x_wconf 76' lang='lat' dir='ltr'>praesentiam</span> <span class='ocrx_word' id='word_1_241' title='bbox 1011 2668 1232 2713; x_wconf 79' lang='lat' dir='ltr'>accedere</span> <span class='ocrx_word' id='word_1_242' title='bbox 1253 2666 1547 2712; x_wconf 89' lang='lat' dir='ltr'>deberemus.</span> 
     </span>
    </p>
   </div>
  </div>
 </body>
</html>
