1875 2956
224 245 300 279 282
363 283 367 287 ,
793 245 1040 281 APOLOGIA
1057 273 1067 288 ‚

225 334 466 378 tran-situm
499 333 752 378 faceremus
769 369 780 391 ,
807 334 881 378 vix
905 333 1169 378 interventu
1188 337 1447 383 amicorum
1475 340 1622 402 impe-

225 419 344 455 trare
367 410 606 472 potuimus
629 419 680 454 ut
705 408 1000 472 Rothomago
1020 447 1030 469 ,
1058 408 1141 454 ubi
1166 411 1274 455 satis
1293 416 1523 475 egregiam
1542 416 1624 462 do-

224 502 372 542 mum,
392 486 487 529 imo
503 484 673 530 domos
690 485 846 548 plures
859 485 1155 532 habebamus
1168 487 1195 543 ¹,
1217 489 1461 535 transitum
1478 491 1625 539 facere

223 562 394 608 liceret.
423 562 515 618 Qui
547 572 592 607 et
623 579 677 608 ea
703 563 803 626 lege
842 563 980 609 nobis
1013 563 1265 627 permissus
1300 563 1384 610 suit
1408 577 1485 627 ut,
1528 580 1627 616 tan-

223 655 365 701 quam
389 649 586 696 noctua,
615 656 763 703 prope
793 640 1044 686 obscuram
1078 649 1266 684 noctem
1295 641 1526 689 civitatem
1555 647 1626 691 in-

224 716 540 777 grederemur,
571 727 615 762 et
635 718 837 763 crastino
861 734 990 780 a‘que
1015 718 1063 762 in
1087 733 1254 762 aurora
1279 718 1510 766 exiremus
1530 758 1541 781 ,
1567 724 1626 769 ad

223 808 378 853 regem
405 804 533 839 recto
564 795 680 841 calle
709 796 980 858 perrecturi.
1019 794 1161 851 Quod
1189 804 1234 839 et
1272 794 1464 843 fecimus
1501 816 1510 843 z
1545 801 1629 846 iter

222 869 349 913 enim
366 870 620 916 Aurelianis
642 888 789 935 usque
808 872 1210 930 continuavimus,
1232 872 1312 917 ubi
1330 889 1407 918 rex
1424 890 1532 920 cum
1545 891 1630 921 suo

223 948 420 993 consilio
440 958 485 994 et
505 950 732 996 comitatu
756 960 868 995 tunc
893 950 1074 1012 agebat.

713 1170 1047 1215 CAPITULUM
1082 1172 1138 1215 X.
1163 1202 1174 1209 x

290 1306 340 1338 De
359 1304 512 1339 adventu
530 1313 651 1338 nostro
667 1304 712 1339 ad
729 1317 845 1351 regem
860 1305 1069 1348 Aurelianis,
1092 1315 1124 1340 et
1139 1306 1208 1340 fide
1226 1308 1450 1341 securitatum
1469 1316 1569 1353 atque

723 1361 958 1394 abolitionum
975 1374 1130 1399 suarum.

289 1488 441 1542 Quem
465 1505 574 1533 cum
610 1488 944 1548 adivissemus,
984 1500 1123 1552 atque
1150 1507 1259 1536 eum
1292 1491 1466 1553 alloqui
1492 1508 1635 1538 cona·

225 1578 399 1617 remur,
428 1564 572 1609 torvis
596 1580 684 1609 nos
708 1564 959 1626 inspiciens
984 1567 1153 1625 oculis,
1182 1567 1322 1612 unico
1344 1567 1633 1613 salutationis

224 1650 521 1686 transeunter
542 1640 689 1688 xerbo
709 1641 911 1702 jactato,
940 1641 1128 1687 alterius
1153 1643 1363 1705 largioris
1386 1644 1633 1689 audientiae

227 1717 423 1762 minime
446 1718 633 1780 copiam
656 1718 777 1763 fecit.

291 1796 399 1838 Erat
427 1803 527 1838 tum
546 1793 678 1855 juxta
700 1810 827 1852 eum,
854 1794 973 1838 inter
998 1796 1176 1856 priores
1199 1797 1357 1858 palatii
1380 1797 1506 1842 velut
1521 1814 1635 1860 prae-

226 1871 363 1933 cipua
392 1870 452 1915 ad
483 1887 639 1931 regem
679 1870 1014 1930 familiaritate,
1043 1872 1245 1917 amicitia
1278 1883 1416 1934 atque
1440 1875 1638 1920 auctori-

226 1958 316 1994 tate
367 1948 645 2011 praepollens
694 1957 739 1993 et
784 1948 1074 2008 honoratus,
1130 1950 1347 2011 magister
1398 1951 1636 1998 Johannes

227 2026 400 2086 Βαίας),
431 2043 571 2088 quem
605 2027 703 2089 ipse
734 2026 876 2090 paulo
902 2035 1009 2072 ante
1037 2026 1097 2072 ad
1121 2027 1441 2091 episcopatum
1475 2028 1635 2073 Ebroi·

227 2120 413 2150 censem
440 2103 636 2167 provehi
661 2103 845 2161 fecerat,
878 2114 939 2160 et,
974 2104 1191 2149 nondum
1215 2105 1399 2150 duobus
1430 2114 1535 2168 post
1558 2104 1635 2150 de-

226 2181 372 2225 cursis
396 2182 548 2239 annis,
580 2181 639 2227 ad
666 2181 911 2227 ecclesiam
948 2181 1325 2243 Andegavensem
1349 2192 1394 2227 et
1419 2181 1633 2228 cardina-

280 2359 317 2393 1.
346 2355 376 2392 ll
396 2356 474 2392 faut
494 2356 674 2392 cntendre
695 2369 763 2405 pai·
783 2356 817 2391 la
837 2355 1146 2392 non-seulement
1166 2354 1295 2391 l’hotel
1317 2354 1381 2391 des
1403 2355 1567 2404 cvi-ques
1587 2356 1635 2393 de

226 2418 380 2456 Lisieux
402 2418 518 2464 (situe
539 2417 604 2454 des
624 2418 699 2453 lors
722 2419 772 2454 ou
794 2417 818 2453 il
843 2426 897 2454 est
917 2430 1054 2454 encore
1068 2416 1326 2463 aujourd’hui,
1349 2430 1416 2453 rue
1441 2416 1486 2453 de
1508 2417 1542 2453 la
1561 2419 1634 2455 Sa-

228 2480 454 2527 vonnerie),
479 2480 571 2516 mais
597 2493 734 2517 encore
755 2480 820 2515 des
844 2479 1007 2515 maisons
1027 2479 1091 2528 qui
1119 2479 1406 2529 appartenaient
1425 2492 1472 2516 en
1492 2491 1634 2530 propre

229 2544 249 2578 a
271 2541 432 2578 Thomas
460 2542 586 2578 Basin.
623 2542 782 2591 D'apres
814 2554 888 2577 une
914 2540 1119 2579 indication
1154 2541 1402 2590 incoinplcte,
1432 2541 1635 2591 consignee

230 2603 366 2640 dansle
382 2603 522 2640 recueil
540 2603 586 2639 de
603 2602 826 2647 Fontanicu,
845 2615 921 2638 aux
935 2614 1010 2638 mss
1029 2601 1075 2637 de
1094 2602 1127 2638 la
1145 2602 1240 2638 Bibl.
1263 2602 1352 2652 imp.
1365 2632 1374 2648 ‚
1391 2602 1543 2638 Cliarles
1562 2602 1634 2639 VII

229 2666 281 2702 lui
310 2678 356 2702 en
385 2665 508 2703 ain-ait
529 2664 652 2701 donne,
677 2677 751 2701 une
772 2678 817 2701 en
845 2666 965 2710 1449,
991 2665 1101 2714 apres
1131 2665 1287 2701 l’entree
1315 2664 1380 2701 des
1410 2664 1586 2712 Francais
1612 2666 1632 2700 ὲ

229 2730 376 2764 Rouen.
