1875 2956
691 220 831 255 LIBER
860 219 1057 255 SEXTUS.
1523 221 1571 256 59

175 316 314 367 atque
345 306 573 352 Zelandiae
593 343 606 366 ‚
638 322 741 369 quae
770 307 993 368 gregatim
1023 308 1071 353 in
1100 316 1228 352 certo
1262 306 1402 351 maris
1425 315 1573 353 tractu

175 381 415 429 halecibus
448 382 687 446 capiendis
718 382 980 441 vacabant,
1009 383 1237 445 aggressi,
1280 382 1571 441 invaserunt3

175 469 221 504 et
239 459 348 505 licet
370 461 614 522 pauciores
635 460 839 520 navigio,
866 459 1008 504 armis
1031 469 1190 506 tamen
1212 459 1416 521 virisque
1435 459 1576 522 longe

174 535 481 597 valentiores,
522 552 782 601 pauperum
819 537 1104 598 piscatorum
1145 552 1287 582 naves
1323 552 1433 582 cum
1468 536 1574 593 his,

177 612 348 674 quibus
373 622 550 658 onustae
583 620 743 671 erant,
777 611 1010 674 piscibus,
1041 622 1087 657 et
1124 622 1290 658 nautas
1324 623 1487 676 captos
1518 612 1578 659 ad

177 706 286 735 suos
308 700 471 753 portus
496 688 798 735 Normannici
821 687 987 735 littoris
1006 688 1318 735 abduxerunt.

241 768 540 812 Armaverant
564 765 650 828 ipsi
679 764 905 825 Flamingi
931 774 1071 827 atque
1100 764 1396 811 Hollandrini
1431 775 1580 812 certas

181 859 321 889 naves
336 877 350 902 ‚
373 858 488 906 quas
509 842 651 888 armis
671 841 1071 906 bellatoribusque
1100 844 1415 889 instruxerant
1437 853 1482 888 et
1503 859 1579 889 re-

181 919 435 983 pleverant,
449 929 502 964 ut
524 919 624 964 aliis
639 919 897 983 piscatoriis
915 920 1114 966 navibus
1130 921 1426 966 munimento
1442 932 1582 982 atque

181 996 395 1060 praesidio
426 995 671 1050 adforent,
706 996 744 1040 si
770 995 888 1042 sorte
922 998 1214 1059 contingeret
1236 998 1479 1043 Gallorum
1512 998 1582 1060 pi-

181 1082 303 1118 ratas
333 1089 415 1118 seu
448 1072 641 1118 classem
673 1083 838 1120 contra
867 1090 915 1120 se
944 1075 1136 1120 irruere.
1171 1074 1262 1120 Sed
1297 1075 1388 1120 tale
1418 1075 1583 1119 muni-

183 1159 394 1194 mentum
439 1149 660 1195 adversus
700 1149 893 1196 classem
933 1154 1220 1196 Francorum
1270 1150 1400 1196 haud
1444 1167 1583 1213 opem

182 1221 326 1271 ullar'n
349 1236 618 1272 tutamenve
642 1226 794 1272 attulit
814 1227 1099 1290 pauperibus
1124 1226 1450 1291 piscatoribus,
1469 1228 1583 1289 quin

184 1305 338 1367 potius
361 1321 502 1350 naves
524 1305 649 1368 ipsae,
669 1321 771 1367 quae
791 1306 991 1368 praesidii
1014 1322 1153 1351 causa
1174 1315 1362 1351 armatae
1383 1304 1582 1364 fuerant,

185 1383 256 1428 vel
277 1392 420 1446 captae
447 1382 659 1428 abductae
678 1392 811 1442 sunt,
836 1384 911 1428 vel
934 1384 1149 1446 expansis
1171 1383 1283 1428 velis
1309 1382 1506 1446 (quibus
1539 1384 1586 1429 id

184 1459 342 1519 licuit)
376 1459 538 1504 celeris
573 1458 689 1519 fugae
718 1459 987 1521 praesidium
1022 1462 1415 1523 assumpserunt¹.
1445 1460 1586 1516 Quod

185 1533 493 1579 infortunium
513 1543 559 1579 et
578 1535 738 1598 piratis
765 1538 1053 1580 Francorum
1076 1535 1269 1582 uberem
1292 1536 1514 1599 praedain,
1544 1545 1587 1582 et

185 1612 316 1656 terris
332 1610 557 1656 Flandriae
579 1620 719 1673 atque
746 1611 1007 1657 Hollandiae
1026 1648 1038 1671 ,
1064 1628 1167 1675 quae
1188 1628 1243 1657 ex
1262 1611 1586 1674 hujuscemodi

186 1687 401 1732 halecum
454 1688 709 1750 piscatione
760 1687 1043 1751 compendia
1089 1689 1292 1734 maxima
1336 1689 1589 1750 quotannis

188 1774 372 1827 captare
405 1760 778 1822 consueverunt,
808 1764 982 1811 damna
1010 1782 1107 1811 non
1141 1781 1286 1827 parvo
1318 1764 1589 1810 {estimanda

188 1841 470 1904 importavit.
498 1843 645 1886 Nares
677 1841 804 1886 enim
832 1858 972 1904 supra
1000 1851 1191 1887 centum
1215 1858 1325 1886 cum
1348 1841 1441 1886 suis
1475 1857 1588 1886 one-

189 1916 318 1962 ribus
352 1926 507 1980 captas
542 1917 678 1964 fuisse
711 1917 970 1975 serebatur,
1004 1929 1049 1965 et
1080 1920 1289 1982 captivos
1324 1928 1590 1982 exportatos

189 1994 310 2040 ultra
344 1994 486 2038 mille.
530 1993 666 2039 Unde
706 2011 763 2040 eo
798 2011 958 2055 anm),
995 2003 1255 2059 per'totam
1289 1997 1590 2042 Germaniam
1650 2008 1652 2010 '

191 2086 359 2132 magna
377 2070 592 2116 halecum
615 2081 660 2116 et
685 2071 881 2133 penuria
905 2081 951 2117 et
975 2072 1157 2118 caristia
1185 2073 1358 2135 ubique
1389 2072 1489 2118 suit.

256 2147 339 2192 Illo
365 2162 518 2203 anno,
557 2146 772 2193 videlicet
799 2163 1087 2193 mccccnxxlx
1107 2186 1118 2207 ,
1157 2149 1308 2195 hiems
1337 2149 1591 2212 asperrima

246 2314 281 2349 1.
314 2311 712 2362 Septembre-octobre
742 2314 856 2350 1479.
895 2313 1045 2351 «Audit
1075 2322 1196 2365 temps
1229 2315 1284 2352 fut
1313 2315 1390 2366 pris
1418 2329 1482 2352 sur
1513 2327 1592 2351 mer

194 2384 262 2421 par
285 2374 428 2410 Coulon
456 2382 492 2410 et
516 2383 641 2411 autres
668 2387 883 2412 escumeurs
912 2376 959 2412 de
984 2389 1066 2414 mer
1090 2389 1136 2414 en
1159 2378 1389 2414 Normandie
1404 2407 1413 2423 ,
1440 2391 1537 2428 pour
1558 2377 1593 2412 le

194 2446 276 2482 roy,
292 2435 446 2485 jusques
468 2438 488 2472 a
508 2437 785 2487 quatre-vitigis
802 2438 952 2476 navires
972 2439 1018 2475 de
1038 2439 1232 2485 Flandrae,
1256 2440 1320 2489 qui
1340 2439 1498 2476 estoient
1515 2439 1592 2475 alez

196 2496 322 2544 querir
352 2497 416 2534 des
444 2498 575 2548 seigles
603 2512 650 2536 en
674 2502 810 2537 Prusse
837 2514 935 2552 pour
960 2502 1144 2539 avitailler
1172 2503 1206 2539 le
1231 2515 1346 2552 pays,
1379 2510 1416 2538 et
1448 2509 1528 2537 tout
1560 2501 1593 2537 le

197 2556 337 2609 hareng
361 2559 408 2597 de
432 2561 467 2597 la
491 2561 628 2611 pesche
652 2562 798 2599 d'icelle
821 2564 944 2601 anne'e
968 2579 977 2601 ι
1002 2566 1053 2600 οὺ
1079 2564 1104 2600 il
1129 2565 1185 2600 fut
1206 2564 1294 2600 saict
1317 2564 1352 2599 la
1377 2563 1460 2612 plus
1485 2571 1595 2611 grant

199 2617 467 2665 deseonfflure,
490 2622 553 2671 qui
571 2624 679 2673 passe
703 2625 724 2660 a
749 2633 834 2661 cent
860 2638 949 2669 ans,
977 2625 1031 2661 sut
1051 2625 1161 2662 faicte
1180 2638 1246 2661 sur
1269 2637 1364 2669 mer,
1386 2626 1406 2659 ὸ
1426 2624 1459 2660 la
1485 2633 1593 2673 grant

200 2680 395 2717 confusion
416 2690 452 2718 et
471 2682 698 2720 destruction
717 2684 842 2722 desdiz
862 2686 1048 2724 Flamens.
1068 2702 1085 2720 x>
1113 2687 1321 2734 chronique
1339 2686 1590 2722 scandaleuse.
