1875 2956
665 208 807 243 LIBER
839 206 1040 242 SEXTUS.
1479 211 1551 245 109

156 294 241 339 tuti
266 309 319 338 ac
342 293 490 338 securi
520 294 566 337 in
591 294 684 339 suis
715 302 958 339 manerent
981 291 1226 349 domibus,
1251 292 1377 354 apud
1401 294 1555 340 civita-

153 372 210 416 tis
248 380 449 416 rectores
482 387 578 415 sese
609 371 808 433 pecunia
840 369 1167 427 redemissent,
1205 377 1250 413 et
1285 368 1372 413 sub
1410 371 1555 431 pactis

152 448 389 511 promissae
425 447 489 492 eis
524 447 805 504 securitatis,
835 445 951 490 nihil
974 444 1142 490 hostile
1176 460 1204 489 a
1238 444 1422 490 civitate
1456 462 1554 490 me-

153 533 360 583 tuentes,
400 540 534 585 agros
577 540 685 568 suos
722 523 950 579 colerent,
993 520 1143 565 dictus
1182 520 1550 581 Enghelbertus,

153 615 398 662 persuasus
433 616 459 644 a
490 598 728 644 nonnullis
757 598 850 642 suis
886 596 1161 643 satellitibus
1194 597 1323 658 quod
1363 606 1552 659 pactum

150 692 234 739 per
256 692 337 722 eos
359 693 467 722 cum
490 676 672 721 civitate
692 684 1000 731 conventum,
1027 675 1112 719 nisi
1132 690 1179 718 se
1200 673 1260 720 ab
1285 690 1342 719 eo
1360 674 1552 719 redime-

151 764 253 799 rent
274 758 310 813 1,
344 755 534 799 11111111116
557 753 643 799 sibi
676 751 896 815 prodesse
933 751 1145 808 deberet,
1174 752 1368 814 stipatus
1397 753 1552 798 multis

150 831 374 890 mulieris,
405 831 466 876 ad
493 846 574 875 eos
599 829 879 892 praedandos
903 839 1042 891 atque
1074 828 1364 892 diripiendos
1394 830 1547 875 exivit.

152 908 245 963 Qui
273 925 382 953 cum
415 907 531 952 nihil
548 907 716 952 hostile
743 907 1056 970 suspicantes,
1084 924 1181 953 non
1206 917 1443 953 curassent
1468 925 1546 953 ne-

150 999 241 1044 que
266 984 394 1030 bona
420 1000 502 1029 sua
524 983 751 1029 divertere
777 993 857 1029 aut
881 985 1094 1029 occulere
1112 1021 1123 1042 ‚
1153 983 1459 1029 nihilominus
1485 984 1552 1029 di-

149 1061 292 1122 reptis
331 1071 377 1106 et
413 1061 554 1124 raptis
589 1076 895 1121 quaecumque
928 1059 1103 1106 habere
1137 1069 1415 1122 potuerant7
1453 1076 1550 1105 non

149 1135 396 1182 foederatos
434 1135 521 1181 sibi
562 1145 639 1181 aut
680 1135 926 1198 pacificos,
973 1135 1053 1181 sed
1086 1136 1242 1181 hostes
1279 1135 1551 1181 saevissimos

148 1212 422 1259 adventasse
453 1221 709 1258 senserunt.
739 1213 829 1267 Qui
855 1228 940 1257 nec
969 1212 1175 1258 contenti
1199 1211 1357 1274 pra-da
1378 1221 1422 1256 et
1443 1228 1549 1274 spo-

148 1287 218 1333 liis
237 1290 529 1348 miseromnn,
548 1289 688 1334 etiam
708 1305 872 1333 eorum
891 1288 1060 1333 domos
1077 1298 1121 1333 et
1140 1287 1407 1333 habitacula
1424 1288 1551 1333 flam-

149 1365 236 1410 mis
259 1364 510 1411 voracibus
535 1364 843 1410 tradiderunt.

210 1446 315 1487 Haec
345 1442 427 1487 fuit
451 1443 602 1505 prima
634 1441 893 1504 expeditio⁷
932 1440 1030 1485 haec
1068 1442 1218 1504 prima
1255 1445 1543 1504 congressio,

146 1534 287 1581 quam
313 1535 396 1581 per
421 1519 717 1581 semetipsum
749 1517 902 1563 dictus
934 1517 1296 1580 Enghelbertus⁷
1331 1519 1549 1567 defensor

144 1595 323 1641 futurus
346 1596 529 1658 patria-3,
567 1595 695 1652 fecit3
732 1595 789 1640 de
822 1611 915 1657 qua
950 1595 997 1639 in
1030 1595 1262 1641 civitatem
1291 1597 1549 1658 Trajecten-

144 1689 268 1729 sem,
311 1689 413 1735 quae
455 1671 588 1717 dictis
630 1670 892 1717 infelicibus
929 1671 1021 1716 suis
1063 1670 1205 1717 fidam
1251 1673 1545 1718 securitatem

145 1749 538 1805 venumdederat,
564 1748 785 1811 praeclara
805 1748 999 1809 hujusce
1021 1758 1195 1811 tropaea
1224 1749 1508 1811 importavit.

207 1826 416 1871 Tentavit
464 1835 618 1870 autem
665 1824 790 1869 idem
837 1823 1203 1885 Enghelbertus,
1252 1825 1347 1870 imo
1390 1827 1545 1888 potius

144 1911 345 1947 rectores
369 1903 564 1948 civitatis
604 1912 649 1947 et
690 1901 900 1947 factionis
933 1900 1099 1959 duces,
1141 1901 1300 1947 accitis
1335 1918 1390 1947 ex
1425 1912 1545 1949 terra

144 1979 343 2025 Clivensi
373 1981 547 2043 copiis,
584 1995 698 2040 quas
733 1979 907 2024 eisdem
939 1979 1032 2024 dux
1072 1979 1296 2025 Clivensis
1338 1980 1384 2025 in
1418 1981 1547 2026 auxi-

143 2055 256 2100 lium
291 2057 501 2113 miserat,
534 2056 706 2119 pariter
741 2072 847 2100 611111
883 2056 1004 2111 suis⁷
1042 2065 1136 2100 tam
1169 2056 1369 2101 rutheris
1403 2073 1544 2119 quam

144 2131 343 2188 civibus,
372 2150 491 2195 quos
513 2149 620 2177 611111
648 2131 937 2177 Clivensibus
965 2131 1274 2194 adjunxerant
1291 2135 1328 2189 ²,
1364 2134 1436 2178 vel
1468 2150 1546 2179 ex—

145 2210 451 2271 pugnatione,
489 2209 558 2255 ve]
597 2208 709 2255 alias
746 2209 984 2254 deditione
1023 2210 1114 2255 loci
1159 2210 1423 2256 incolarum
1457 2211 1544 2256 sibi

145 2287 380 2348 acquirere
398 2297 442 2332 et
465 2287 537 2333 sui
557 2287 672 2349 juris
695 2286 876 2332 efficere
901 2286 1181 2350 oppidulum
1215 2287 1273 2333 de
1296 2287 1538 2345 [selsteim

145 2379 171 2408 a
194 2364 375 2410 civitate
408 2382 503 2409 non
534 2364 733 2427 amplius
764 2381 861 2409 uno
896 2364 1079 2410 milliari
1105 2365 1262 2428 patriae
1291 2375 1537 2410 remotum.

147 2443 254 2486 Erat
275 2442 400 2486 enim
424 2442 515 2486 illic
539 2441 804 2503 praesidium
830 2442 1028 2486 militum
1056 2442 1163 2487 satis
1186 2442 1403 2487 infestum
1433 2441 1543 2485 civi-

146 2516 253 2571 tati,
293 2526 337 2562 et
370 2517 449 2579 qui
491 2517 565 2561 vel
600 2516 661 2562 ad
700 2517 933 2562 civitatem
978 2518 1274 2573 accedentes,
1317 2517 1389 2562 vel
1434 2516 1541 2561 inde

201 2626 237 2660 1.
268 2625 337 2661 Ms.
359 2638 423 2659 nec
441 2638 544 2663 se,.,.
569 2625 812 2661 redemerant.

199 2686 235 2724 2.
268 2685 479 2725 MatthaeUS,
501 2687 741 2722 advexerant.
