1875 2956
326 238 374 269 80
686 232 1022 269 HISTORIARUM
1051 233 1284 270 LUDOVICI
1307 236 1361 270 XI

324 323 426 369 illos
456 323 686 387 praecipue
717 321 796 382 qui
832 319 1069 383 patrandae
1097 320 1275 382 injuria·
1305 322 1376 368 vel
1407 332 1618 369 auctores
1653 323 1725 369 vel

323 401 537 448 satellites
572 400 778 457 fuerant,
819 413 1093 457 succensus,
1135 397 1357 444 mandata
1395 409 1532 462 atque
1575 400 1725 447 edicta

323 478 469 524 edidit
490 515 500 535 ,
527 494 610 540 per
639 492 741 538 quu‘
777 483 822 518 et
851 473 1164 535 Trajectenses
1181 511 1192 533 ,
1222 474 1259 519 si
1289 473 1337 518 in
1368 476 1500 521 terris
1529 477 1624 522 suis
1649 476 1726 522 de-

323 554 742 618 prehenderentur,
769 559 813 595 et
836 566 1001 595 eorum
1026 550 1242 596 unixersa
1258 549 1414 610 bona,
1441 551 1724 616 ubicumque

323 632 369 676 in
411 631 541 676 terris
576 646 629 674 ac
660 627 882 674 dominiis
921 628 1015 672 suis
1054 628 1390 685 invenirentur,
1429 627 1515 673 sub
1550 640 1723 676 arresto

323 716 625 772 ponerentur.
677 708 730 751 Et
775 705 928 768 primo
973 704 1163 767 quidem
1202 713 1367 750 contra
1400 704 1724 766 hujuscemodi

321 799 566 830 censuram
583 792 630 828 et
649 790 838 840 arresta,
863 781 900 826 si
921 797 1052 826 mens
1075 796 1186 826 sana
1210 791 1255 826 et
1280 781 1529 826 consilium
1551 782 1725 844 Trajec-

322 859 530 906 tensibus
561 859 775 917 fuissent,
803 857 935 903 l'acile
961 857 1137 902 mederi
1167 867 1306 920 atque
1336 856 1526 903 obviare
1554 859 1726 921 potuis-

319 948 438 983 sent.
463 935 795 982 Consentiebat
817 935 944 981 enim
961 935 1179 998 princeps
1203 952 1398 982 manum
1418 951 1551 980 suam
1573 935 1725 982 levare

319 1025 365 1060 et
403 1015 608 1060 relaxare
649 1028 895 1070 censuras,
942 1011 1029 1056 levi
1079 1012 1255 1057 mulcta
1291 1028 1318 1057 a
1356 1011 1724 1074 Trajectensibus

320 1107 408 1154 pro
440 1089 751 1136 satisfactione
786 1087 1062 1149 injuriarum
1093 1086 1429 1150 dependenda,
1464 1086 1607 1132 modo
1636 1087 1722 1150 ipsi

321 1168 571 1213 dominum
598 1165 657 1211 de
685 1164 996 1221 Montelorti¹,
1022 1163 1235 1221 militem,
1262 1173 1403 1226 atque
1429 1163 1609 1209 exsules
1632 1173 1722 1209 ter-

319 1261 477 1291 rarum
503 1259 693 1290 suarum
714 1240 974 1287 Hollandiae
995 1275 1006 1298 ,
1033 1240 1215 1286 civitate
1249 1256 1331 1286 sua
1356 1240 1528 1303 pellere
1552 1239 1723 1287 voluis-

318 1331 436 1367 sent.
479 1323 609 1376 Quos
645 1317 854 1376 exsules,
897 1334 948 1362 ex
989 1317 1135 1379 pactis
1177 1316 1291 1362 olim
1325 1317 1569 1363 conventis
1604 1317 1724 1362 inter

319 1399 552 1462 principes
563 1394 821 1441 Hollandiae
838 1404 883 1440 et
898 1394 1229 1456 Trajectenses,
1244 1392 1385 1456 [ipsi],
1402 1403 1454 1439 ut
1470 1393 1719 1454 serebatur,

319 1477 367 1521 in
391 1492 474 1522 sua
497 1475 678 1520 civitate
702 1473 900 1518 retinere
924 1487 1021 1516 non
1046 1480 1280 1533 poterant.
1319 1471 1459 1527 Quod
1483 1488 1591 1517 cum
1612 1474 1721 1516 Tra-

314 1554 542 1615 jectenses
586 1551 779 1596 minime
820 1549 969 1595 facere
1011 1558 1256 1608 curarent,
1304 1549 1528 1611 paulatim
1568 1566 1638 1595 res
1673 1550 1719 1594 in

320 1630 605 1693 asperiorem
630 1644 683 1674 ac
710 1626 1095 1690 periculosiorem
1121 1635 1290 1671 statum
1317 1642 1569 1688 progressae
1593 1636 1717 1672 sunt.

759 1812 1096 1856 CAPITULUM
1129 1812 1270 1854 XXll.

317 1951 507 1995 Quomodo
543 1951 780 1995 Trajectenses
794 1975 803 1988 ,
844 1948 878 1980 in
920 1949 1021 1980 suum
1059 1947 1199 1980 rebelles
1233 1946 1458 1993 pontificem,
1491 1946 1720 1981 accersierunt

669 2005 853 2038 dominum
876 2002 918 2036 de
941 2004 1101 2046 Monqs'ort
1118 2004 1153 2036 in
1173 2003 1357 2037 civitatem.

383 2125 629 2172 Habehant
659 2134 769 2169 tunc
805 2121 1079 2186 pontificem
1122 2122 1433 2184 Trajectenses
1470 2121 1718 2168 dominum

315 2203 463 2250 David
490 2240 499 2261 ,
552 2202 608 2247 de
663 2200 930 2261 Burgundia
983 2199 1368 2259 cognominatum
1392 2236 1402 2254 ‚
1459 2200 1718 2245 naturalem

316 2280 463 2326 filium
499 2277 698 2340 Philippi
734 2276 870 2321 bonu*
899 2276 1165 2333 memoriae,
1192 2274 1482 2320 illustrissimi
1507 2279 1718 2337 Burgun-

315 2358 400 2402 dia·
424 2355 571 2411 ducis,
596 2364 639 2399 et
667 2354 852 2398 fratrem
872 2352 1131 2396 naturalem
1155 2352 1325 2410 Caroli,
1345 2351 1486 2397 felicis
1504 2353 1717 2398 recorda-

315 2434 470 2491 tionis,
492 2431 629 2477 etiam
655 2428 930 2490 Burgundiu*
952 2427 1098 2472 ducis.
1120 2431 1221 2490 lpse
1239 2428 1390 2473 David
1408 2429 1567 2475 litteris
1591 2446 1715 2474 com-

314 2520 525 2575 petenter
555 2510 831 2565 instructus,
867 2515 911 2551 et
948 2505 1157 2550 humana
1184 2505 1464 2568 prudentia,
1493 2515 1539 2551 et
1571 2507 1715 2552 animi

314 2585 635 2649 magnitudine
661 2583 918 2630 admodum
943 2581 1155 2628 callebat.
1192 2582 1283 2638 Qui
1306 2600 1414 2628 cum
1443 2582 1714 2630 cathedram

370 2728 405 2761 1.
436 2727 544 2768 Jean,
565 2721 754 2771 burgrave
775 2719 820 2755 de
840 2717 1042 2755 Montfoort
1058 2747 1066 2759 ,
1093 2718 1265 2767 seigneur
1284 2718 1329 2754 de
1350 2721 1584 2756 Purmerent.
