1875 2956
662 195 801 229 LIBER
831 192 1093 228 SECL‘NDUS.
1505 195 1577 230 2385

191 279 435 342 complecti
472 279 751 326 sufficienter
792 295 925 342 posse
958 278 1287 324 existimamus.
1324 277 1387 322 Ad
1422 294 1584 324 omnes

189 356 312 401 enim
360 355 479 402 rixas
516 367 560 401 et
590 357 649 402 ad
678 372 841 402 omnes
878 354 1157 412 cachinnOS,
1196 353 1255 398 ad
1288 369 1450 398 omnes
1477 370 1586 399 con-

190 432 418 477 tentiones
450 442 495 478 et
533 432 887 490 altercationeS,
928 431 986 476 ad
1024 446 1214 475 omnem
1250 428 1307 474 de
1332 431 1583 492 possessio-

185 506 321 553 nibus
357 509 429 554 vel
461 507 707 553 mobilium
745 507 817 553 rel
857 505 1170 551 immobilium
1207 520 1362 550 rerum
1396 515 1583 551 contro-

186 584 408 643 versiam,
463 585 587 630 velut
632 583 1066 647 promovendorum
1113 598 1167 627 ac
1210 581 1584 628 suscitandorum

185 659 440 722 litigiorum
467 661 681 706 omnium
712 660 923 706 stimulus
956 659 1171 722 quidam,
1211 668 1377 721 praesto
1407 675 1589 723 semper

184 737 312 783 adest
333 747 382 783 et
405 738 658 799 unicuique
678 738 992 799 paratissimus
1015 734 1265 782 adhibetur
1282 738 1314 792 ¹3
1344 734 1587 799 firmatque

182 829 236 859 ac
273 823 367 859 tam
399 814 621 860 tenaciter
656 813 859 859 aduncat
889 822 934 858 et
971 829 1079 859 eum
1103 813 1234 873 cujus
1267 828 1320 857 ex
1351 829 1430 858 ore
1459 814 1584 859 vola-

182 892 324 948 verit,
371 900 415 935 et
451 907 559 936 cum
599 900 762 936 contra
800 906 940 951 quem
969 890 1162 935 emissus
1196 890 1274 948 sit,
1312 899 1362 934 ut
1395 890 1467 934 rix
1500 889 1584 935 ali-

184 966 373 1028 quando
400 977 576 1030 postea,
601 967 687 1012 nisi
718 976 823 1029 post
847 982 1044 1028 magnos
1066 974 1276 1027 sumptus
1296 974 1340 1009 et
1371 964 1579 1024 labores,

180 1042 318 1087 etiam
357 1043 670 1104 quamtumvis
703 1042 822 1087 inter
847 1058 943 1087 sese
972 1041 1280 1086 reconciliatae
1316 1040 1405 1085 sint
1431 1050 1584 1103 partes

180 1127 224 1162 et
268 1118 596 1164 benevolentia
638 1128 776 1181 atque
809 1118 1011 1164 amicitia
1053 1118 1260 1175 reunitae,
1305 1133 1352 1162 se
1398 1117 1581 1162 uncinis

180 1193 301 1240 illius
341 1205 385 1240 et
420 1195 598 1257 laqueis
631 1196 810 1258 possint
847 1196 1077 1241 evolvere.
1130 1197 1325 1239 Gratum
1368 1194 1580 1256 profecto

179 1281 224 1316 et
248 1271 486 1317 lucrosum
520 1272 661 1316 totius
695 1272 852 1335 patriae
890 1271 1188 1317 advocationi
1209 1280 1254 1315 et
1274 1269 1580 1316 tribunalium

183 1346 347 1392 officiis
376 1348 704 1407 adinventum,
731 1348 859 1409 quod
883 1347 1074 1409 singulis
1104 1362 1233 1409 paene
1256 1346 1385 1391 horis
1410 1356 1454 1391 et
1478 1363 1579 1392 mo—

181 1425 349 1470 mentis
391 1424 491 1470 lites
530 1426 650 1470 inter
688 1425 996 1488 provinciales
1041 1425 1087 1469 in
1135 1424 1264 1469 omni
1304 1440 1434 1486 paene
1472 1424 1578 1469 1000

180 1502 314 1548 saciat
346 1503 516 1547 exoriri
548 1520 556 1546 :
597 1519 722 1565 quae,
757 1501 837 1547 ubi
872 1519 928 1547 eo
965 1502 1064 1547 5010
1085 1500 1230 1546 verbo
1259 1501 1390 1563 lapso
1413 1517 1467 1546 ex
1496 1517 1577 1546 ore
1625 1564 1631 1568 .

181 1580 320 1625 semel
345 1579 521 1625 obortae
544 1589 589 1624 et
612 1580 797 1625 initiatae
818 1588 942 1635 sunt,
976 1578 1156 1624 tamdiu
1186 1578 1438 1638 litigatores
1475 1595 1579 1640 per-

178 1656 338 1718 plexos
359 1656 571 1700 irretiunt
590 1665 641 1700 ut
664 1656 790 1701 nulla
804 1655 1134 1712 transactione,
1152 1653 1280 1699 nulla
1300 1653 1572 1713 concordia,

178 1732 353 1794 absque
374 1733 547 1777 mulcta
568 1748 648 1777 seu
667 1732 882 1785 emenda,
911 1747 957 1776 se
971 1731 1149 1794 possint
1168 1729 1227 1776 ab
1250 1731 1315 1776 eis
1338 1731 1570 1793 expedire.

244 1809 425 1853 Diutius
461 1808 619 1853 forsan
655 1808 702 1852 in
743 1808 965 1870 exemplis
1003 1807 1275 1869 adjiciendis
1312 1806 1370 1852 de
1404 1808 1576 1870 iniquis

181 1885 340 1947 patriis
381 1895 547 1930 nostrae
572 1885 869 1930 Normanniae
895 1884 1314 1929 consuetudinibus
1340 1885 1574 1931 immorati

181 1978 362 2020 sumus,
390 1977 531 2023 quam
555 1961 687 2006 initio
717 1961 866 2006 facere
894 1961 1262 2006 instituissemus.
1300 1963 1392 2007 Nee
1416 1971 1572 2007 tamen

180 2038 240 2084 ad
266 2053 341 2084 eas
378 2037 714 2101 improbandas
747 2038 851 2099 jura
888 2037 1084 2098 allegare
1118 2046 1163 2082 et
1202 2038 1430 2096 rationes,
1472 2056 1574 2101 quae

178 2116 365 2177 copiose
385 2125 429 2160 et
452 2115 583 2161 facile
606 2114 666 2160 ad
698 2113 791 2159 hoc
818 2113 978 2158 induci
1001 2123 1207 2177 possent,
1230 2114 1570 2174 laboravimus3

178 2190 258 2235 sed
292 2189 652 2249 tantummodo,
688 2188 1061 2252 exemplificandi
1096 2190 1239 2250 gratia
1258 2227 1268 2247 ,
1295 2206 1426 2236 casus
1459 2207 1573 2254 prae—

178 2269 326 2315 dictos
348 2285 522 2332 paucos
545 2285 597 2314 ex
626 2268 782 2314 multis
801 2278 846 2314 et
867 2285 996 2332 paene
1026 2270 1283 2315 innumeris
1310 2271 1572 2327 retulimus,

234 2419 269 2455 1.
292 2417 422 2455 C'etait
442 2418 476 2454 la
492 2430 542 2454 un
562 2417 655 2455 abus
678 2417 725 2454 de
745 2417 829 2454 date
849 2416 1019 2462 recente,
1042 2430 1106 2454 car
1127 2417 1275 2468 d'apres
1290 2417 1324 2455 la
1345 2417 1472 2454 vieille
1490 2431 1577 2455 eou-

179 2487 280 2517 tume
301 2479 346 2516 de
365 2480 593 2517 Normandie
616 2495 622 2515 z
649 2496 662 2514 «
686 2483 764 2517 Nus
783 2493 831 2517 ne
851 2479 1040 2517 d'·‘'*,crier
1058 2480 1173 2515 Ιιανιίι
1190 2480 1265 2516 fors
1283 2492 1350 2529 par
1370 2488 1454 2529 trop
1469 2489 1577 2529 grant

178 2541 358 2592 besoing,
380 2542 409 2578 si
429 2555 574 2579 comme
599 2557 666 2594 par
687 2543 769 2589 scu,
802 2556 870 2594 par
897 2543 1042 2580 larrons
1066 2551 1103 2579 et
1131 2555 1199 2592 par
1225 2541 1451 2583 homicides,
1481 2555 1579 2591 pour

179 2603 346 2641 robcries
363 2634 371 2650 ,
396 2612 466 2640 etc.
495 2606 570 2640 §li-s
595 2606 809 2654 quiconquc
834 2605 911 2641 crie
932 2605 1047 2640 haren
1072 2617 1157 2640 sans
1183 2602 1277 2653 peril
1301 2611 1406 2652 apert
1435 2611 1470 2639 et
1502 2615 1578 2638 ma-

179 2667 310 2704 nifeste
324 2698 332 2712 ‚
353 2666 375 2702 il
396 2667 428 2701 lo
449 2666 525 2703 doit
544 2667 725 2704 amender
744 2680 792 2704 au
812 2666 956 2718 prince.
983 2684 999 2699 ι)
1024 2670 1084 2703 Ι)11
1104 2668 1251 2716 Gange,
1274 2665 1298 2702 1.
1322 2679 1354 2702 c.

337 2744 381 2767 111
1317 2731 1365 2765 :20
