1875 2956
654 222 793 256 LIBER
824 221 1086 256 SECUNDUS.
1496 220 1567 254 :3⁸5

182 308 418 354 consortio
445 317 598 353 tamen
635 318 680 353 et
714 308 916 353 consiliis
952 306 1286 352 advocatorum
1327 306 1436 367 (qui
1475 323 1570 352 non

180 383 306 429 aliud
329 394 566 446 aucupant
588 394 632 429 et
665 384 863 446 gestiunt
897 398 1038 445 quam
1067 398 1212 427 novas
1241 380 1449 444 quotidie
1475 381 1574 426 lites

178 460 420 506 consulere
446 471 490 507 et
511 460 808 525 promovere)
831 470 875 505 et
897 477 952 505 ex
972 458 1246 520 hujusmodi
1267 474 1431 503 eorum
1460 473 1573 502 con-

179 537 326 597 tagio,
354 553 445 582 suae
468 537 640 581 vitiosae
666 552 720 582 ac
747 552 898 598 prava*
923 534 1212 579 inclinationi
1236 542 1571 592 consentaneo,

176 629 425 674 erroreque
455 615 518 658 eis
548 604 762 674 pergrato
794 610 1005 673 pluribus
1027 609 1182 655 adhuc
1213 625 1295 671 per
1333 625 1412 653 eos
1438 619 1483 654 et
1506 609 1576 653 in-

177 688 317 734 finitis
342 706 470 752 paene
503 688 660 734 litibus
692 698 736 732 et
773 685 1106 748 quaestionibus
1138 685 1405 748 implicatur
1437 696 1575 748 atque

174 766 441 811 involvitur.

238 842 318 887 His
346 851 391 886 et
410 858 521 900 nos,
566 840 679 885 dum
706 841 752 884 in
784 840 1028 903 provincia
1058 856 1272 898 eramus,
1315 850 1574 902 nostraeque

173 918 371 963 ecclesia¹
410 917 730 980 procurationi
764 932 818 962 ac
856 916 1248 962 administrationi
1284 916 1575 962 incumbere-

171 1010 294 1052 mus,
331 994 522 1038 infinitis
552 1010 684 1056 paene
716 992 1017 1051 vexabamur,
1054 1009 1239 1038 necesse
1270 993 1496 1038 habentes
1525 994 1570 1037 in

171 1070 390 1115 omnibus
419 1069 731 1115 tribunalibus
763 1071 919 1132 patriae
958 1080 1285 1133 procuratores
1318 1069 1493 1115 habere
1528 1080 1571 1115 et

170 1147 421 1193 advocatos
461 1146 548 1193 sub
593 1163 752 1192 annua
790 1147 1041 1209 pensi0ne3
1093 1147 1263 1209 quibus
1299 1148 1381 1193 etsi
1423 1146 1573 1210 probe

170 1226 421 1285 quotannis
434 1241 518 1287 per
542 1234 725 1269 nostros
747 1233 885 1285 atque
900 1224 1105 1285 legaliter
1131 1225 1414 1288 stipendium
1434 1242 1571 1270 suum

171 1299 499 1358 exsolveretur,
529 1299 868 1344 nonnullorum
909 1309 1063 1344 tamen
1102 1301 1204 1345 talis
1237 1309 1336 1345 erat
1374 1298 1489 1344 fides
1524 1309 1573 1344 ut

170 1374 416 1420 adversum
453 1392 561 1435 1105,
591 1376 628 1421 51
652 1391 743 1437 qua
763 1375 838 1421 via
858 1375 1039 1421 occulte
1059 1385 1300 1439 poterant,
1327 1375 1399 1420 vel
1425 1391 1571 1421 novas

170 1450 271 1495 lites
304 1452 572 1509 consulere,
601 1452 697 1510 vel,
726 1450 785 1497 ab
810 1451 1083 1497 adversariis
1108 1453 1252 1513 gratia
1275 1451 1347 1497 vel
1371 1452 1571 1514 pecunia

169 1529 401 1591 corrupti,
436 1530 500 1574 eis
529 1529 757 1591 impartiri
799 1529 978 1574 favores
1013 1530 1207 1574 minime
1244 1527 1565 1574 formidarent.

169 1605 302 1649 Unde
338 1606 583 1651 eveniebat
620 1615 669 1649 ut
704 1621 948 1666 nunquam
988 1605 1132 1650 ferme
1174 1622 1322 1651 causae
1355 1605 1566 1667 alicujus,

167 1682 466 1742 quantumvis
512 1682 645 1743 justae
690 1691 735 1726 et
781 1681 1022 1727 manifeste
1070 1681 1382 1741 rationabilis,
1425 1681 1568 1728 finem

166 1774 560 1819 consequeremur
592 1758 833 1813 votivum;
868 1757 949 1803 sed
988 1757 1179 1803 infinitis
1208 1775 1338 1821 paene
1371 1760 1568 1805 involuti

167 1829 326 1875 litibus
345 1847 399 1876 ac
417 1830 734 1893 processibus,
762 1840 806 1876 et
831 1830 1066 1876 veteribus
1089 1841 1134 1877 et
1153 1832 1233 1894 qui
1254 1832 1568 1879 nascebantur

166 1905 303 1951 nobis
331 1907 564 1968 quotidie,
597 1906 683 1952 sul>
715 1906 883 1952 talibus
912 1907 1245 1953 molestissimis
1277 1910 1399 1954 curis
1429 1911 1566 1955 anxie

164 1981 503 2044 langueremus.
546 1986 739 2046 Propter
775 1983 903 2045 quod
941 1984 1108 2045 gratias
1140 2001 1332 2046 magnas
1353 1988 1454 2031 Deo
1479 2003 1565 2032 nos

163 2058 333 2104 debere
358 2070 710 2121 cognoscentes,
733 2060 989 2123 plurimum
1012 2060 1180 2106 exinde
1199 2061 1406 2107 solamur
1424 2072 1563 2124 atque

163 2136 463 2196 gratulamur,
497 2146 541 2181 et
566 2147 733 2182 nostra*
769 2135 1083 2182 tribulationis
1108 2137 1295 2201 pondus
1328 2139 1558 2200 levamus,

163 2212 290 2274 quod
313 2212 482 2259 talibus
511 2213 661 2258 litium
687 2224 733 2259 et
765 2229 1012 2259 causarum
1041 2215 1190 2260 anxiis
1215 2215 1444 2278 nobisque
1469 2217 1561 2262 dis-

163 2288 502 2351 plicentissimis
547 2290 696 2346 curis,
748 2289 1041 2352 nexibusque
1088 2301 1222 2336 carta*
1276 2292 1424 2352 1111115,
1462 2294 1559 2339 imo

162 2365 314 2411 verius
354 2366 550 2411 carceris
598 2367 1015 2420 Normannorum¹
1054 2366 1188 2412 liberi
1232 2378 1277 2414 et
1319 2370 1554 2432 exempti,

161 2458 288 2487 nunc
318 2442 402 2487 Dei
435 2442 756 2488 misericordia
780 2458 1025 2488 manemus
1057 2453 1102 2488 et
1138 2460 1298 2489 sumus
1335 2462 1444 2490 cnm
1478 2462 1558 2491 ne-

160 2518 309 2578 mine,
339 2518 503 2579 gratias
532 2522 632 2565 Deo
651 2556 662 2577 ‚
693 2519 821 2566 litem
847 2535 1194 2583 quamcumque
1216 2538 1297 2568 seu
1319 2522 1557 2584 querelam

213 2674 249 2708 ’1.
282 2674 406 2719 Voyez
425 2672 636 2718 ci-dessus‚
660 2687 698 2723 p.
722 2676 810 2710 373.
