1875 2956
271 213 344 247 386
833 212 1078 248 APOLOG1A
1090 242 1098 257 ‚

270 312 320 348 ut
344 312 499 365 pateat
534 301 703 363 legenti
747 300 945 345 nimium
981 300 1112 346 facile
1147 303 1195 347 in
1224 319 1279 349 ea
1308 303 1549 367 provincia
1573 302 1660 347 ho-

269 379 444 437 mines,
491 377 631 422 etiam
690 376 990 437 quantumvis
1038 377 1221 438 quietos
1266 388 1312 423 et
1354 381 1478 441 pacis
1524 389 1663 441 atque

268 453 610 515 tranquillitatis
648 462 903 509 amatores,
940 452 1096 498 litibus
1132 454 1325 508 involvi,
1352 465 1397 500 et
1430 456 1663 501 involutos

268 531 403 576 anxie
437 539 483 574 et
512 528 705 574 moleste
732 528 1015 591 plurimum,
1052 529 1222 575 invitos
1252 530 1382 588 licet,
1417 531 1465 575 in
1500 532 1564 576 eis
1594 548 1663 576 re-

269 606 404 652 tineri
433 621 519 650 nec
542 604 602 651 ab
626 606 691 650 eis
714 621 850 667 posse
882 604 1013 650 facile
1036 606 1260 668 expediri.

330 685 450 728 Sane
479 699 533 727 ex
562 682 633 727 his
658 681 830 743 iniquis
855 681 1169 744 compendiis,
1196 699 1299 744 quae
1318 698 1372 727 ex
1396 682 1663 744 hujusmodi

267 758 449 804 infinita
483 759 635 804 litium
661 767 705 803 et
737 773 984 803 causarum
1021 758 1320 804 multitudine
1351 759 1660 822 proveniunt,

267 852 384 899 quas
413 846 508 882 tam
549 835 680 881 facile
712 835 921 881 suscitari
955 844 1001 880 et
1035 836 1177 881 semel
1201 836 1442 882 suscitatas
1463 852 1566 882 sero
1593 836 1665 882 vel

260 910 510 975 lnunquam
531 912 770 957 terminari
793 912 865 957 vel
889 911 1011 956 finiri
1034 912 1356 974 hujuscemodi
1383 913 1539 975 patriae
1558 928 1669 958 con-

266 990 538 1035 suetudines
580 989 840 1052 patiuntur,
889 990 1122 1034 conflatur
1167 1000 1213 1035 et
1259 989 1506 1035 conficitur
1546 1007 1666 1036 unus

266 1077 409 1113 status
435 1066 799 1124 advocatorum,
832 1066 912 1128 qui
937 1067 985 1111 in
1015 1068 1259 1130 provincia
1285 1067 1428 1112 hodie
1452 1076 1546 1112 tam
1568 1083 1665 1114 ma·

265 1160 383 1205 gnus
405 1153 473 1188 est
495 1153 539 1189 et
564 1153 660 1189 tam
683 1141 1018 1205 amplificatus,
1044 1153 1094 1188 ut
1112 1153 1302 1189 caeteros
1323 1160 1487 1189 omnes
1511 1144 1666 1207 patriae

264 1231 408 1267 status
439 1221 481 1266 ei
511 1219 649 1266 subdi
683 1230 729 1266 et
753 1236 916 1284 parere
941 1220 998 1266 sit
1030 1237 1232 1266 necesse.
1266 1222 1383 1265 Sunt
1420 1222 1546 1267 enim
1584 1238 1668 1266 nu-

265 1314 396 1343 mero
427 1307 523 1343 tam
548 1297 681 1342 multi
712 1313 796 1359 per
831 1297 1038 1342 civitates
1065 1297 1286 1359 singulas,
1313 1298 1505 1360 oppida,
1538 1297 1669 1343 villas

263 1385 309 1419 et
341 1391 448 1420 rura
483 1373 659 1436 ubique
685 1373 971 1419 disseminati
1011 1384 1150 1436 atque
1184 1373 1412 1437 dispersi,
1436 1374 1668 1436 tantisque

265 1450 437 1513 opibus
462 1450 622 1509 ditati,
658 1466 767 1495 cum
792 1449 924 1495 facile
956 1466 1010 1495 ex
1041 1450 1135 1496 suis
1157 1450 1547 1497 advocationibus
1571 1467 1669 1497 ma-

266 1543 379 1587 gnas
426 1526 512 1571 sibi
566 1536 842 1588 comparent
902 1527 1110 1586 divitias⁷
1171 1537 1221 1572 ut
1274 1529 1414 1574 totius
1460 1529 1669 1591 profecto

265 1603 519 1665 provinciae
550 1602 1005 1648 administrationem
1041 1613 1084 1648 et
1120 1604 1326 1664 regimen
1359 1604 1406 1648 in
1444 1605 1537 1649 suis
1569 1619 1668 1649 ma-

267 1677 406 1723 nibus
433 1677 608 1723 habere
637 1677 911 1734 videantur3
947 1679 1009 1724 ita
1040 1679 1180 1724 etiam
1211 1689 1261 1724 ut
1292 1679 1473 1724 nobiles
1511 1680 1671 1742 patriae

266 1755 332 1799 eis
370 1769 629 1815 eorumque
666 1753 796 1808 tiliis,
842 1754 948 1798 licet
991 1753 1162 1816 plebeii
1204 1765 1250 1799 et
1290 1755 1510 1800 rusticani
1551 1755 1667 1811 sint,

268 1828 385 1874 silias
407 1844 513 1873 suas
537 1827 771 1889 gaudeant
792 1845 839 1873 se
863 1827 1167 1872 matrimonio
1210 1829 1432 1891 copulare
1467 1837 1512 1873 et
1531 1828 1673 1891 patri-

269 1905 540 1951 moniorum
571 1921 764 1950 suorum
788 1920 869 1949 eos
892 1904 1157 1967 relinquere
1181 1904 1388 1950 haeredes
1411 1914 1455 1950 et
1477 1904 1666 1951 habere.

268 1983 438 2027 Mirum
479 1983 605 2027 enim
637 1982 684 2026 in
722 1980 919 2026 modum
958 1982 1168 2044 plerique
1193 1998 1248 2027 ex
1281 1982 1391 2045 ipsis
1431 1982 1477 2026 in
1512 1981 1672 2044 paucis

270 2059 405 2105 annis
434 2058 494 2103 ad
533 2073 645 2120 opes
687 2073 880 2118 magnas
917 2067 961 2102 ct
1001 2059 1158 2121 ampla
1188 2058 1471 2121 patrimonia
1507 2074 1561 2101 ex
1594 2057 1671 2102 tali

272 2136 590 2196 negotiatione
628 2134 908 2191 evehuntur,
950 2135 1013 2180 ita
1058 2145 1108 2181 ut
1147 2136 1194 2180 in
1233 2134 1559 2197 quinquennio
1600 2134 1671 2179 vel

272 2211 545 2273 septennio,
573 2211 653 2273 qui
691 2227 838 2256 unum
872 2220 979 2256 ante
1011 2211 1258 2258 denarium
1293 2211 1368 2256 vix
1400 2209 1668 2270 habebant,

273 2288 571 2333 inveniantur
617 2288 882 2349 acquisiisse
912 2305 963 2333 ex
1002 2288 1327 2350 hujuscemodi
1363 2287 1672 2333 advocatione

274 2373 505 2409 trecentos
527 2400 539 2422 ‚
583 2365 951 2425 quadringentos
985 2366 1055 2410 vel
1090 2365 1288 2428 amplius
1326 2381 1491 2409 aureos
1527 2364 1671 2409 annui

277 2440 450 2485 reditus
480 2440 526 2484 in
562 2440 770 2502 pulchris
806 2439 1044 2486 nobilibus
1072 2442 1256 2505 praediis
1289 2451 1334 2486 et
1363 2441 1525 2486 feodis.
1560 2443 1670 2486 Cor-

273 2517 395 2562 rodit
428 2516 602 2579 quippe
631 2526 776 2561 status
807 2517 882 2563 ille
910 2517 1247 2564 advocatorum
1278 2529 1316 2564 ct
1353 2519 1505 2564 exedit
1533 2528 1672 2580 atque

272 2594 449 2654 exsugit
482 2603 627 2639 totam
661 2593 820 2657 populi
861 2594 1196 2654 substantia1n3
1229 2597 1325 2658 qui,
1366 2613 1473 2641 cum
1507 2605 1672 2641 natura

272 2673 378 2716 satis
398 2680 435 2713 01
467 2671 693 2730 nimium,
723 2673 840 2734 proli
867 2673 1004 2718 dolor
1033 2671 1040 2717 Ῐ
1071 2673 1288 2736 proclixis
1306 2674 1363 2718 sit
1387 2673 1443 2718 ad
1466 2673 1592 2729 lites,
1616 2688 1670 2717 ex
