1875 2956
279 225 351 259 384
848 226 1091 261 APOLOGIA
1111 254 1119 268 ‚

277 312 337 357 ad
381 328 588 358 annuam
629 313 866 374 accipiunt
915 328 997 357 seu
1041 311 1315 358 conducunt
1360 313 1676 377 pensionem?

277 393 425 453 Atque
472 391 650 435 utinam
704 390 803 435 sola
840 389 938 434 llaec
977 390 1025 433 in
1073 390 1138 434 eis
1179 389 1505 438 insufficientia
1541 400 1674 450 esset,

276 467 442 512 scilicet
483 466 746 527 ignorantia
777 466 910 528 juris.
954 464 1214 511 Tolerabile
1247 475 1364 511 esset
1392 468 1550 529 utique
1584 483 1680 513 ma-

276 542 403 602 lum,
444 543 590 589 modo
618 541 797 589 bonam
833 553 877 588 et
916 551 1087 588 rectam
1121 559 1208 605 pro
1243 559 1327 588 sua
1349 545 1548 590 naturali
1569 562 1679 609 pru-

276 620 433 666 dentia
460 621 576 683 juris
604 619 791 666 dicendi
814 629 859 665 et
883 618 1115 665 statuendi
1140 630 1353 680 gererent
1372 620 1675 667 voluntatem.

276 698 409 758 Atqui
442 698 654 760 profecto
681 697 980 743 communius
1011 696 1181 743 accidit
1210 707 1258 742 ut
1283 714 1336 743 ex
1372 698 1682 759 iniquioribus

277 772 334 817 de
365 773 503 818 Israel
538 774 815 836 iniquissimi
848 773 907 818 ad
942 773 1050 819 talia
1088 772 1243 818 officia
1277 773 1533 818 eleventur.
1570 776 1678 834 Nec,

276 850 362 895 nisi
402 866 511 895 cum
543 850 839 911 difficultate,
881 850 1013 896 aliter
1048 850 1320 911 contingere
1361 859 1539 913 potest,
1575 866 1683 896 cum

276 943 372 972 non
398 927 511 972 alias
545 944 689 989 quam
728 927 786 974 ad
823 928 1092 974 auctionem
1124 937 1169 972 et
1192 926 1279 973 sul)
1319 927 1494 973 tributo
1518 943 1683 974 annuae

275 1004 515 1066 pensionis
546 1004 875 1050 arrendentur.
908 1003 1051 1060 Quod
1087 1020 1196 1049 cum
1241 1004 1311 1048 vir
1338 1003 1493 1049 bonus
1523 1014 1568 1049 et
1589 1004 1683 1066 jus-

275 1081 381 1125 titia»
411 1081 584 1126 zelator
625 1082 822 1144 quisque
851 1081 1103 1127 exhorrere
1138 1091 1182 1126 et
1220 1082 1447 1127 exsecrari
1484 1080 1680 1140 debeat,

276 1166 325 1202 ut
352 1157 409 1203 ad
434 1158 752 1220 iniquissimos
774 1158 1010 1217 homines,
1037 1157 1203 1221 prfedae
1233 1168 1277 1203 et
1310 1158 1583 1221 rapinarum
1607 1174 1684 1203 ve-

277 1245 463 1281 natores
496 1245 637 1299 atque
667 1235 895 1299 cupidos,
928 1236 1205 1299 perveniant
1227 1245 1427 1299 oportet.

765 1463 1105 1507 CAPITULUM
1140 1465 1196 1506 X.

357 1589 406 1620 De
427 1588 562 1632 vulgari
578 1589 730 1621 clamore
748 1588 791 1622 de
809 1590 922 1632 Ιιαναιι,
943 1598 975 1623 et
995 1598 1082 1623 statu
1099 1590 1350 1624 advocatorum
1368 1592 1604 1625 Normanniae.

340 1717 553 1771 Quantos
576 1732 686 1760 vero
725 1725 769 1760 et
797 1725 974 1776 quanta
1002 1716 1219 1762 facilitate
1254 1716 1407 1761 litium
1441 1718 1688 1778 voragines

274 1801 319 1838 et
356 1791 750 1837 inextricabilium
782 1792 997 1837 cumulos
1019 1792 1331 1853 quaestionum
1356 1792 1569 1855 quotidie
1590 1810 1687 1839 sus-

275 1870 383 1915 citet
405 1880 451 1915 et
468 1871 636 1916 exoriri
665 1869 799 1915 faciat
818 1869 1020 1930 rulgaris
1054 1879 1099 1914 et
1133 1880 1366 1929 assuetus,
1407 1871 1565 1915 nescio
1597 1887 1689 1932 qua

275 1946 480 2008 primum
536 1956 722 1991 exortus
762 1945 1023 2004 harbarie¹‚
1072 1945 1250 1990 clamor
1285 1946 1360 1991 ille
1411 1946 1469 1991 de
1506 1946 1685 2004 lmrau,

275 2039 416 2067 nemo
445 2032 512 2068 est
546 2023 625 2085 qui
660 2021 944 2068 sufficienter
968 2021 1136 2067 referre
1161 2023 1330 2086 possit3
1362 2023 1419 2068 de
1446 2039 1543 2086 quo
1569 2024 1605 2068 si
1629 2023 1689 2069 ad

273 2098 467 2161 plenum
512 2099 651 2145 nobis
686 2098 941 2144 dicendum
983 2107 1132 2156 esset,
1170 2108 1214 2144 et
1256 2115 1419 2144 omnes
1459 2098 1687 2144 referendi

274 2174 469 2235 abusus,
499 2177 659 2221 omnia
684 2177 837 2221 litium
871 2175 1138 2234 involucra,
1176 2177 1337 2222 omnia
1372 2176 1547 2222 (lamna
1579 2176 1689 2222 inde

275 2252 446 2298 accolis
488 2253 645 2315 patriae
690 2253 1018 2315 provenientia
1061 2252 1336 2313 retexenda,
1382 2269 1483 2314 quae
1526 2253 1689 2298 dietim

275 2344 328 2373 ac
372 2329 543 2391 passini
576 2329 752 2392 ubique
793 2347 876 2393 per
912 2340 1059 2375 totam
1104 2330 1398 2392 prswinciam
1436 2329 1544 2375 inde
1578 2347 1687 2393 pro-

275 2406 433 2451 venire
471 2406 844 2468 conspiciuntur,
875 2422 962 2450 nec
999 2422 1085 2450 nos
1112 2406 1172 2451 ad
1211 2405 1304 2451 hoc
1338 2405 1567 2465 sufficere,
1602 2423 1688 2452 nec

275 2499 588 2545 quemquam,
636 2483 721 2527 nisi
764 2498 936 2544 magno
991 2482 1191 2546 desuper
1243 2483 1369 2528 edito
1417 2483 1683 2544 volumine,

336 2647 366 2682 l.
398 2645 456 2680 On
478 2646 572 2680 n’est
594 2656 658 2693 pas
682 2642 767 2692 plus
796 2643 938 2679 avancc
970 2642 1215 2680 maintcnant.
1244 2643 1334 2680 Voir
1361 2644 1395 2681 le
1421 2644 1609 2682 Glossaire
1641 2644 1687 2682 de

275 2709 333 2742 Du
354 2708 478 2757 Gange
499 2719 570 2742 aux
596 2714 691 2742 niots
711 2708 840 2753 Har-nl>
857 2713 893 2741 ct
913 2708 1076 2754 Haroep.

1850 2833 1875 2956 *Ra-idn<
1855 2792 1875 2826 ee·
1845 2683 1875 2785 ³3:⁴23*ss
1867 2660 1875 2673 ,,
