1875 2956
229 269 301 305 328
787 261 1038 298 APOLOGIA
1051 288 1060 304 ,

226 353 352 417 apud
365 356 398 398 T
403 353 597 398 severim
616 351 775 396 litterae
792 348 977 411 perlatae
992 347 1198 404 fuissent,
1219 347 1362 391 risum
1380 348 1453 392 vix
1472 357 1628 392 tenere

230 431 489 493 potuimus,
526 425 655 489 quod
692 424 834 485 aliqui
866 433 962 468 tam
997 422 1266 484 insipientes
1295 438 1381 466 nos
1407 423 1629 468 aestimare

229 508 489 571 potuissent
505 502 633 565 quod
651 500 737 547 sub
762 501 839 546 tali
860 509 1049 561 tamque
1072 497 1217 544 cruda
1239 513 1325 542 1105
1341 500 1631 546 committere

229 583 505 629 deberemus
535 580 771 638 cautione,
809 594 910 640 (11110,
949 593 1045 622 11011
1081 574 1209 621 aliud
1243 574 1465 620 afferebat
1490 592 1632 638 quam

230 675 390 704 secure
427 674 513 703 1105
546 656 755 720 captivos
788 653 1004 711 reddere,
1030 662 1075 699 et,
1110 652 1189 698 tali
1219 667 1403 698 carcere
1427 650 1487 696 ad
1517 653 1634 713 regis

231 736 522 780 voluntatem
540 750 627 779 nos
644 742 821 779 arctare
840 741 978 793 atque
1003 729 1220 776 claudere
1237 745 1495 792 possemus.
1518 729 1636 774 Sane

230 830 338 858 cum
364 813 492 868 alias,
519 821 569 857 ut
596 826 737 873 supra
767 809 1082 868 narravimus,
1110 806 1196 852 sub
1220 807 1489 870 plenissima
1513 823 1638 852 secu—

230 891 388 947 ritate,
435 905 535 951 quae
572 887 833 951 plenariam
864 887 1003 931 ctiam
1036 884 1377 930 restitutionem
1411 883 1640 928 omnimo-

231 967 434 1029 damque
450 964 714 1011 libertatem
731 963 1045 1026 polliceretur,
1073 961 1260 1020 reversi,
1282 960 1398 1005 nihil
1418 959 1640 1006 observa—

232 1053 332 1088 tum
360 1041 498 1087 nobis
522 1041 647 1100 fidei,
675 1039 756 1086 sed
783 1039 1023 1085 dumtaxat
1050 1036 1404 1101 proscriptionis
1424 1036 1641 1097 injuriam

234 1139 345 1167 cum
366 1119 559 1165 infinitis
578 1117 768 1180 jacturis
794 1125 839 1162 et
864 1115 1179 1167 incommodis
1200 1114 1532 1173 invenerimus,
1557 1114 1642 1158 mi—

236 1215 342 1244 rum
364 1206 431 1242 est
451 1194 697 1258 quomodo
718 1193 792 1240 vel
814 1193 890 1238 ille
915 1192 1153 1251 dominus,
1179 1191 1252 1236 vel
1279 1191 1355 1236 alii
1380 1191 1530 1252 quivis
1549 1200 1643 1235 tam

236 1273 636 1321 inconsiderantes
658 1280 806 1329 erant,
829 1269 958 1332 quod
980 1277 1195 1332 putarent
1213 1268 1336 1312 ultro
1359 1266 1439 1312 tali
1457 1275 1645 1328 tamque

239 1351 428 1414 ancipiti
461 1349 577 1395 velle
609 1365 695 1394 nos
727 1349 853 1411 ipsos
885 1361 1069 1392 carcere
1104 1343 1442 1408 praedamnare.
1471 1345 1646 1387 Verum

241 1444 300 1472 ne
336 1427 583 1488 quisquam
615 1424 843 1470 existimet
865 1424 1018 1486 ipsum
1048 1422 1296 1468 dominum
1333 1421 1573 1466 comitem¹
1599 1421 1645 1464 in

241 1502 567 1564 hujuscemodi
608 1517 694 1564 pro
733 1500 871 1546 nobis
910 1499 1270 1557 interventione,
1307 1497 1369 1543 ob
1410 1497 1646 1542 honorarii

246 1580 505 1635 desectum,
534 1579 689 1623 minus
720 1594 840 1622 curae
877 1592 1020 1638 quam
1057 1584 1343 1637 reposceret,
1371 1573 1645 1635 suscepisse,

244 1656 614 1719 amplioremque
650 1654 845 1714 gratiam
877 1652 1013 1697 fuisse
1049 1661 1396 1714 reportaturum
1428 1666 1453 1695 a
1484 1666 1590 1710 rege
1614 1649 1650 1693 si

246 1733 413 1778 salario
456 1732 550 1777 sive
595 1730 855 1775 honorario
890 1728 1064 1773 idoneo
1105 1737 1428 1772 remuneratus
1468 1727 1648 1784 fuisset,

246 1820 370 1855 certe
402 1810 499 1871 ipse
533 1806 733 1871 proinde
766 1806 824 1852 de
858 1804 998 1851 bonis
1030 1806 1198 1850 nostris
1232 1805 1328 1849 (luo
1365 1803 1490 1848 mille
1525 1813 1653 1848 scuta

248 1887 348 1933 auri
368 1885 557 1942 habuit,
578 1901 664 1930 nec
689 1894 844 1930 tamen
868 1883 1160 1946 ampliorem,
1188 1899 1330 1944 quam
1356 1898 1495 1944 supra
1520 1897 1546 1926 a
1571 1896 1654 1925 no—

251 1964 321 2009 bis
342 1964 537 2010 relatum
557 1972 640 2020 est,
666 1962 860 2022 gratiam
880 1961 1148 2023 reportavit.

690 2146 1025 2191 CAPITULUM
1060 2145 1221 2188 XXIII.

357 2274 518 2319 Objectio
536 2281 657 2306 contra
676 2272 914 2306 excusationes
931 2270 1132 2315 praemissas‚
1152 2277 1184 2302 et
1199 2267 1241 2301 ad
1259 2268 1332 2300 eam
1354 2266 1547 2312 responsiO.

322 2390 412 2435 Sed
434 2389 620 2451 objiciet
644 2388 782 2433 nobis
806 2388 995 2451 fortasse
1018 2386 1246 2449 quispiam
1270 2384 1398 2446 quod
1424 2384 1560 2428 nimis
1582 2399 1659 2445 pa-

259 2467 371 2525 vidi,
397 2466 535 2511 nimis
560 2464 852 2510 formidolosi
873 2464 1165 2524 nimiumque
1189 2462 1247 2506 ‹le
1272 2478 1376 2522 rege
1397 2460 1660 2505 diffidentes

260 2544 446 2588 fuimus.
475 2542 605 2587 Multi
631 2542 757 2586 enim
777 2558 828 2585 ex
852 2541 905 2586 iis
931 2540 1009 2601 (1111
1035 2556 1257 2600 germano
1281 2556 1364 2583 suo
1393 2537 1660 2599 caeterisque

258 2620 345 2666 sibi
386 2629 549 2664 contra
582 2635 679 2663 sese
721 2618 975 2679 conjuratis
1012 2615 1302 2680 principibus
1340 2615 1628 2660 adhaeserant
1645 2649 1656 2670 ,

320 2754 350 2786 l.
383 2748 496 2784 Louis
517 2747 562 2784 de
582 2746 768 2785 Chatillon
790 2746 926 2795 poi-tait
945 2745 979 2781 10
1001 2745 1085 2781 titre
1105 2744 1152 2781 (10
1174 2744 1246 2780 sire
1263 2772 1271 2784 ,
1297 2750 1333 2779 et
1356 2754 1432 2778 non
1454 2741 1500 2776 de
1520 2747 1655 2776 comte.
