1875 2956
267 225 334 259 1:3⁹2
621 223 957 259 HlsTORIARUM
989 221 1219 258 LUDOVICI
1248 225 1300 259 XI

261 312 397 374 igitur
431 321 473 356 et
513 309 771 372 squalentia
811 325 921 354 arva
952 308 1189 370 ligonibus
1233 312 1433 356 exerceri
1469 320 1512 356 et
1551 310 1660 355 laetis

261 387 470 449 frugibus
514 387 696 445 vestiri,
737 385 1021 431 commercia
1061 400 1246 446 quoque
1289 394 1410 431 terra
1451 387 1660 448 marique

259 466 379 510 inter
418 474 638 525 utrosque
679 462 880 524 populos
916 461 1196 522 frequentari
1233 460 1390 506 videre
1427 473 1550 522 erat,
1587 472 1656 522 et,

259 541 416 587 oblitis
436 550 574 602 atque
593 538 815 584 obsoletis
833 538 1040 584 infaustae
1061 537 1305 583 discordia¹
1328 537 1523 599 injuriis,
1543 540 1662 585 inter

258 635 355 663 sese
395 627 676 663 mercatores
705 626 749 662 et
781 616 896 661 alios
935 616 1136 661 incolas¹
1160 615 1406 661 ambarum
1439 615 1661 662 obedien—

258 695 427 740 tiarum
451 694 549 739 dies
575 694 712 739 festos
736 702 874 755 atque
895 693 1023 737 lartos
1046 708 1180 752 agere
1199 708 1308 737 cum
1328 707 1498 753 magna
1521 692 1662 737 animi

259 769 512 815 alacritate.

324 843 569 908 Implendo
591 860 700 889 vero
726 845 954 907 promissa
977 860 1122 901 nova,
1144 859 1340 906 sponsa,
1368 860 1469 905 quae
1493 843 1664 890 sor-:dere

258 923 491 983 conjugali
516 920 711 977 delfino,
742 922 861 983 regis
884 920 997 978 filio,
1034 921 1301 984 copulanda
1331 920 1500 978 suerat,
1524 931 1666 966 trans-

256 1010 358 1046 acta
394 1000 572 1056 hieme,
612 1015 771 1044 mense
816 1000 982 1057 111aio²,
1025 999 1257 1061 deputatis
1293 1014 1319 1043 a
1346 1015 1451 1060 rege
1487 999 1660 1061 legatis,

257 1078 431 1123 sociata
466 1092 635 1139 magna
669 1092 918 1139 procerum
953 1075 1255 1121 dominarum
1277 1084 1485 1132 caterva,
1513 1076 1559 1120 in
1584 1093 1665 1139 op-

259 1154 372 1217 pido
398 1152 632 1198 Hesdinelz
673 1151 869 1198 liberata
911 1161 975 1197 est
1017 1161 1061 1196 et
1097 1151 1291 1206 tradita,
1338 1152 1417 1213 qui
1460 1167 1563 1197 eam
1605 1152 1664 1198 ad

260 1245 414 1291 regem
440 1244 672 1291 suumque
696 1244 922 1291 sponsum
950 1227 1172 1273 eumdem
1193 1226 1421 1272 delfinum
1442 1227 1666 1290 perduxe-

260 1315 385 1350 runt.
427 1309 534 1351 Erat
574 1305 700 1351 enim
734 1304 905 1349 tenella
934 1304 1060 1350 velut
1097 1303 1394 1365 virguncula,
1432 1320 1666 1349 annorum

260 1382 474 1428 videlicet
511 1382 695 1428 circiter
726 1381 889 1437 trium,
929 1397 1030 1442 qua>
1059 1380 1226 1425 hiemis
1258 1381 1553 1443 asperitatem
1587 1381 1668 1425 mi-

262 1459 387 1503 nime
417 1458 620 1521 perferre
649 1458 901 1520 potuisset;
929 1467 974 1501 et
997 1467 1244 1519 propterea
1274 1457 1462 1502 vernale
1486 1466 1668 1519 tempus

261 1544 305 1579 et
324 1534 422 1596 jam
443 1550 591 1597 prope
614 1533 823 1578 aestivum
840 1533 1205 1595 exspectandum
1234 1533 1340 1589 suit,
1368 1549 1426 1577 ne
1447 1533 1494 1576 in
1515 1533 1668 1578 tradu-

262 1610 414 1656 cendo
434 1627 537 1656 eam
557 1646 567 1667 ,
584 1609 644 1656 ab
669 1610 968 1655 inclementia
987 1609 1212 1672 temporis
1230 1609 1486 1654 laederetur.

327 1687 743 1742 Quemadmodum
767 1702 879 1731 vero
903 1685 1160 1731 Galliarum
1172 1686 1390 1748 populos,
1414 1702 1498 1748 pro
1513 1686 1669 1748 hujus-

264 1763 451 1809 cemodi
472 1763 588 1808 inito
611 1762 782 1808 foedere
804 1762 952 1825 pacis,
990 1762 1054 1806 uti
1080 1761 1298 1818 diximus,
1334 1762 1497 1823 ingens
1521 1764 1669 1808 exsul-

265 1840 378 1886 tatio
415 1851 459 1886 et
500 1840 655 1885 laetitia
695 1839 875 1897 affecit,
922 1839 985 1884 ita
1028 1839 1196 1899 Angliae
1240 1849 1425 1900 gentem
1472 1840 1670 1902 proinde

267 1917 463 1962 fremere
483 1933 537 1962 ac
562 1916 799 1962 tabescere
820 1914 1070 1961 ferebatur.
1118 1917 1237 1959 Cum
1266 1916 1392 1960 enim
1409 1910 1579 1977 jugiter
1609 1916 1670 1961 ad

266 1994 588 2040 invadendum
641 2004 718 2051 et,
768 1994 803 2038 si
850 2003 1064 2056 possent,
1115 1992 1425 2053 subigendum
1475 2009 1671 2055 regnum

268 2075 555 2116 Francorum
591 2071 795 2125 inhient,
830 2070 890 2115 ad
926 2069 1055 2131 quod
1082 2079 1132 2113 ut
1154 2069 1450 2132 perveniant,
1480 2069 1563 2113 nisi
1590 2085 1672 2131 per

270 2147 479 2192 medium
504 2148 827 2192 intestinarum
860 2145 1145 2191 seditionum
1167 2155 1211 2190 et
1233 2144 1574 2190 discordiarum
1607 2146 1671 2190 in-

271 2235 340 2269 ter
363 2225 597 2287 principes
633 2224 784 2284 regni⁷
809 2238 939 2285 paene
967 2221 1254 2284 impossibile
1285 2221 1490 2277 exsistat,
1519 2221 1673 2266 nullus

273 2301 429 2345 mirari
464 2299 604 2345 debet
632 2300 667 2344 si
696 2299 963 2361 principum
993 2314 1157 2360 pacem
1195 2307 1333 2359 atque
1368 2298 1672 2344 concordiam

270 2393 388 2437 aegre
423 2376 608 2421 videant
633 2385 675 2421 et
701 2374 1012 2437 conspiciant,
1039 2391 1140 2435 quac
1166 2374 1486 2419 nanciscendae
1514 2374 1672 2420 Galliae

272 2453 400 2515 regni
441 2452 742 2515 possessioni,
791 2450 989 2495 multum
1027 2450 1087 2496 ab
1127 2451 1191 2495 eis
1229 2452 1505 2514 concupiur,
1539 2451 1671 2497 valde

328 2622 364 2659 1,
396 2623 466 2657 Ms.
497 2622 710 2656 incolarum,

326 2688 360 2723 2.
396 2686 510 2722 1483.
