1875 2956
247 247 286 281 :³1
298 248 319 280 υ
810 244 1057 280 APOLOGIA
1070 271 1080 289 ‚

245 333 408 377 reverti
437 333 481 376 in
511 332 656 377 dictas
682 330 931 376 Cataloniae
961 339 1104 375 terras
1127 332 1317 378 minime
1340 344 1635 396 poteramuS,

244 418 338 454 tam
356 409 525 470 justas,
556 418 649 453 tam
678 405 976 452 rationabiles
1002 416 1048 451 et
1072 407 1365 467 manifestas,
1403 412 1532 472 quod
1555 427 1640 457 nec

244 485 281 530 si
304 485 432 548 apud
455 484 647 547 Scythas
671 494 749 529 aut
772 499 1097 545 quoscumque
1118 482 1345 529 barbaros
1365 486 1636 546 egissemus,

241 560 745 607 verisimiliterrefutari
766 560 996 605 ullatenus
1008 559 1293 605 debuissent.
1317 561 1642 610 Scribebamus

243 638 432 699 insuper
454 638 514 683 ad
552 635 808 682 nonnullos
848 635 1046 692 amicos,
1077 635 1156 697 qui
1188 635 1237 680 in
1270 636 1398 681 curia
1427 653 1508 682 sua
1543 654 1641 684 non

241 729 345 776 parx
358 713 394 757 is
420 713 733 774 fungebantur
750 711 1028 771 honoribus,
1056 722 1105 757 ut
1124 711 1262 757 nobis
1278 729 1364 757 suo
1383 715 1642 775 patrocinio

242 790 287 833 in
305 789 383 834 tali
401 790 670 835 necessitate
688 805 827 853 opem
843 789 958 835 serre
980 798 1214 835 curarent.
1242 788 1333 834 Sed
1347 788 1643 836 calumniosis

241 868 333 912 suis
358 867 614 913 mendaciis
648 878 829 913 tantuin
863 867 986 930 apud
1028 884 1136 912 eum
1166 867 1337 929 impius
1358 866 1434 910 ille
1466 866 1644 913 satelles

241 960 349 988 cum
363 943 622 989 fautoribus
643 944 736 988 suis
752 942 1100 1006 potuitel'ficere
1113 953 1181 1000 ut,
1202 959 1353 1005 neque
1371 959 1475 1002 nos,
1491 959 1643 1006 neque

241 1020 407 1081 aliquis
440 1020 732 1065 intercedens
757 1036 842 1083 pro
865 1019 1003 1066 nobis
1023 1020 1119 1065 ullo
1143 1020 1288 1065 modo
1311 1019 1521 1065 exaudiri
1542 1035 1645 1082 pos-

239 1113 409 1142 semus.
438 1097 563 1152 Quin
595 1097 750 1160 potius
783 1097 922 1142 nobis
957 1113 1181 1160 responsa
1205 1097 1420 1159 quaedam
1443 1097 1644 1143 barbara

240 1188 454 1234 prorsus,
483 1189 601 1218 saeva
625 1182 669 1217 et
689 1172 921 1230 crudelia,
943 1189 1029 1235 pro
1055 1173 1224 1218 nostris
1239 1172 1501 1234 justissimis
1529 1173 1643 1236 peti-

241 1249 448 1293 tionibus
468 1259 513 1295 et
532 1249 936 1307 excusationibus,
959 1249 1141 1296 reddita
1163 1260 1286 1296 sunt.

305 1330 419 1383 Quae
453 1327 902 1384 animadvertentes,
931 1328 1143 1373 animum
1170 1344 1359 1391 quoque
1381 1328 1442 1374 ad
1468 1344 1554 1374 nos
1578 1338 1644 1390 ty-

242 1403 375 1448 ranni
393 1438 404 1459 ,
432 1420 573 1465 quem
609 1404 706 1465 ejus
729 1414 775 1449 et
799 1404 943 1450 verba
973 1415 1019 1450 et
1045 1405 1162 1451 facta
1185 1404 1479 1462 indicabant,
1508 1405 1644 1450 simul

242 1480 382 1525 etiam
404 1480 533 1541 quod
553 1481 680 1542 apud
703 1499 813 1526 eum
836 1491 1013 1527 tantam
1038 1483 1232 1543 gratiam
1258 1492 1447 1543 tamque
1467 1481 1646 1527 facilem

243 1556 424 1601 aditum
457 1558 603 1601 nostri
642 1557 1005 1603 calumniatores
1041 1558 1300 1620 impiissimi
1330 1558 1641 1613 invenissent,

243 1633 323 1693 qui
349 1648 445 1677 non
470 1632 597 1678 aliud
621 1649 764 1695 quam
783 1650 869 1679 nos
892 1633 1128 1696 perditum
1151 1633 1206 1677 iri
1230 1633 1515 1695 quaerebant,
1544 1643 1596 1678 ut
1619 1650 1646 1679 a

243 1725 291 1753 se
308 1709 467 1769 inique
490 1719 535 1754 et
557 1709 773 1771 improbe
787 1710 1048 1772 concupitis
1069 1709 1207 1772 potiri
1231 1720 1420 1772 possent
1436 1714 1556 1771 (quse
1576 1725 1648 1754 res

244 1787 309 1831 eis
341 1787 500 1848 procul
537 1786 686 1832 dubio
723 1788 1037 1850 provenisset,
1065 1788 1102 1832 si
1134 1803 1300 1832 manus
1323 1787 1565 1847 sacrilegas
1599 1787 1646 1831 in

246 1881 493 1927 personam
524 1873 733 1910 nostram
757 1865 939 1909 mittere
964 1864 1262 1927 potuissent),
1288 1864 1532 1909 statuimus
1561 1879 1648 1926 pro

245 1951 456 2004 tempore
494 1958 658 1986 eorum
702 1941 908 1987 furorem
951 1950 1090 2002 atque
1127 1940 1349 1986 saevitiam
1393 1940 1643 1986 declinare.

247 2020 364 2062 Cum
387 2018 513 2063 enim
538 2034 635 2063 non
658 2035 767 2064 oves
786 2055 797 2077 ,
827 2018 908 2064 sed
933 2018 1085 2064 solum
1109 2028 1343 2081 pastorem
1366 2018 1579 2063 occidere
1603 2028 1649 2063 et

246 2095 441 2157 perdere
464 2096 761 2157 exquirerent
774 2095 964 2158 (quibus
987 2095 1154 2140 ovibus
1174 2111 1258 2157 per
1276 2096 1472 2140 vicarios
1484 2105 1525 2140 et
1544 2112 1649 2158 pro-

246 2171 333 2217 bos
358 2172 578 2217 officiales
605 2172 834 2234 valdeque
872 2173 1070 2218 idoncos
1100 2172 1383 2217 sufficienter
1411 2172 1647 2233 provisum

248 2246 385 2304 erat),
409 2247 623 2308 exemplo
639 2256 683 2291 et
701 2256 932 2309 praecepto
956 2246 1206 2292 Salvatoris
1226 2246 1366 2290 nostri
1388 2245 1559 2304 edocti,
1583 2262 1649 2291 sa-

249 2323 336 2367 tius
373 2322 469 2367 iore
499 2323 861 2369 existimavimus
896 2323 1271 2386 persequentium
1308 2322 1525 2367 saevitiam
1562 2339 1648 2385 pro

248 2409 460 2462 tempore
499 2400 755 2459 declinare,
792 2416 934 2462 quain
965 2411 1139 2445 temere
1173 2409 1217 2444 et
1251 2400 1349 2444 sine
1384 2399 1539 2460 aliqua
1569 2416 1649 2462 spe

248 2476 482 2539 profectus
520 2493 633 2533 nos,
674 2477 733 2522 ab
764 2478 939 2523 eisdem
977 2476 1264 2539 perdendos,
1294 2475 1650 2521 evidentissimis

246 2552 479 2614 objectare
504 2554 735 2617 periculis.
