1875 2956
634 217 776 251 LIBER
806 215 1072 252 SECUNDUS.
1482 212 1554 245 :3823

154 305 343 352 habenti
365 320 457 350 suae
480 320 631 367 pravae
657 304 884 350 voluntati
907 303 1207 349 assentientes
1233 316 1287 346 ac
1310 299 1556 344 foederatos

152 381 330 442 regium
351 380 631 427 advocatum
652 397 705 427 ac
729 389 1081 444 procuratorem
1105 394 1187 423 seu
1208 392 1374 421 eorum
1392 374 1558 420 substi-

153 466 277 502 tutos
295 457 394 519 (qui
418 458 733 503 communiter
750 473 804 502 ex
829 455 1142 518 iniquioribus
1161 453 1303 499 totius
1322 451 1480 515 patriae
1499 450 1558 496 ad

152 531 261 577 talia
284 531 438 578 officia
463 533 673 595 pecuniae
696 532 961 578 interventu
984 529 1204 576 accedere
1232 526 1427 588 solent),
1456 542 1561 589 pro-

153 608 227 654 cul
249 609 413 666 dubio,
444 610 502 655 de
525 611 618 655 vita
648 610 779 655 facile
811 608 1060 671 periclitari
1082 606 1254 669 poterit
1276 621 1363 668 pro
1395 621 1562 650 eorum

154 686 328 732 nefaria
364 696 409 732 et
449 686 734 747 nequissima
769 685 1026 730 voluntate.
1067 682 1283 728 Conficto
1318 681 1444 727 enim
1480 697 1563 744 per

152 761 424 823 hujusmodi
447 761 667 807 officiales
698 761 829 824 quod
851 771 1016 806 contra
1041 760 1180 805 talem
1213 758 1400 822 penitus
1425 758 1562 803 inno-

153 847 338 883 centem
371 854 510 901 super
545 838 702 899 aliquo
735 837 930 882 crimine
962 836 1346 881 informationem
1375 850 1564 897 accepe-

153 914 262 971 rint,
295 914 448 959 statim
479 929 562 976 per
594 913 786 958 eosdem
822 912 1158 976 apprehensus,
1192 912 1318 956 velut
1356 911 1564 955 criminis

153 991 360 1053 capitalis
393 1006 500 1035 reus
534 989 807 1035 detrudetur
828 990 875 1035 in
902 1005 1155 1045 carcerem,
1181 998 1482 1050 sumeturque
1506 987 1564 1033 de

153 1081 210 1111 eo
245 1066 438 1129 quaestio
470 1066 531 1112 ad
562 1082 831 1112 mensuram
853 1075 897 1112 et
930 1065 1176 1111 arbitrium
1206 1082 1366 1123 suum,
1397 1074 1442 1109 et
1462 1063 1566 1110 talis

154 1142 286 1203 quod
310 1152 389 1189 aut
413 1142 544 1189 fateri
565 1143 742 1188 crimen
773 1143 935 1188 dolore
964 1152 1010 1188 et
1034 1141 1285 1188 acerbitate
1309 1150 1566 1186 tormento-

156 1235 278 1278 rum,
315 1229 396 1265 aut
419 1219 588 1266 referre
615 1236 661 1264 se
684 1220 744 1264 ad
773 1220 1032 1280 inquestam
1059 1219 1217 1282 patriae
1237 1218 1560 1281 compelletur.

156 1296 201 1339 Si
221 1294 488 1354 confitetur,
521 1296 771 1341 damnatus
788 1304 877 1352 est3
903 1296 938 1340 si
966 1296 1024 1340 ad
1053 1297 1314 1357 inquestam
1339 1310 1385 1339 se
1407 1294 1565 1357 patriae

155 1370 346 1430 referat,
381 1388 488 1416 cum
525 1388 579 1417 ex
618 1372 849 1418 levissima
880 1372 1145 1435 suspicione
1174 1371 1248 1416 vel
1283 1370 1413 1416 tenui
1445 1370 1566 1415 fama

155 1447 392 1493 interdum
424 1459 469 1494 et
493 1449 778 1511 frequentius
804 1449 1022 1494 homines
1045 1448 1105 1494 ad
1136 1447 1427 1494 credendum
1450 1462 1565 1508 pra·-

155 1526 314 1571 sertim
334 1528 457 1573 mala
480 1527 537 1572 de
557 1528 782 1590 proximis
802 1527 1103 1585 inducantur,
1122 1536 1166 1571 et
1181 1525 1382 1570 maxime
1406 1524 1442 1568 si
1464 1524 1567 1585 quis

156 1602 411 1664 aliquando
452 1604 510 1648 de
551 1604 706 1665 aliqua
746 1603 882 1648 fuerit
933 1612 1121 1648 notatus
1163 1600 1452 1664 turpitudine
1495 1600 1567 1644 vel

156 1689 412 1741 suspectus,
442 1689 523 1725 aut
544 1680 709 1726 vicinis
733 1679 853 1742 <esto
882 1696 970 1742 pro
998 1679 1175 1741 justitia
1198 1694 1280 1724 sua
1302 1676 1495 1730 tuenda,
1523 1685 1568 1721 et

158 1755 286 1800 nulla
316 1771 399 1801 sua
427 1756 565 1818 culpa
586 1756 659 1801 vel
683 1756 853 1817 injuria
877 1756 1098 1817 cuiquam
1133 1755 1352 1816 irrogata,
1388 1762 1439 1798 ut
1470 1752 1567 1815 ple-

158 1848 357 1893 rumque
377 1833 565 1894 assolet)
587 1833 733 1878 factus
755 1832 1011 1894 aliquando
1034 1833 1171 1878 suerit
1194 1848 1377 1891 exosus,
1401 1830 1567 1893 procul

158 1909 322 1967 dubio,
350 1926 435 1973 per
456 1910 597 1955 talem
620 1911 886 1972 inquestam
917 1920 963 1955 et
992 1910 1244 1956 hominum
1269 1910 1562 1965 relationem,

158 1987 370 2049 quamvis
403 1986 519 2031 nihil
555 1987 614 2032 de
650 1987 755 2032 facti
786 1987 978 2033 veritate
1010 2004 1056 2033 se
1090 1988 1206 2032 scire
1229 1986 1485 2045 affirment,
1512 2001 1567 2030 ex

158 2063 257 2108 sola
280 2079 445 2107 eorum
479 2062 752 2109 credulitate
791 2062 1093 2109 damnabitur
1129 2064 1189 2109 ad
1223 2072 1440 2120 mortem,
1480 2078 1568 2107 nec

160 2139 255 2184 ullo
279 2140 604 2202 appellationis
630 2140 838 2186 remedio
865 2156 946 2185 seu
968 2156 1055 2203 pro
1085 2156 1386 2202 quocumque
1411 2155 1568 2200 grava-

159 2217 302 2277 mine,
324 2217 411 2263 sibi
431 2227 539 2263 ante
556 2217 852 2264 diffinitivam
878 2235 960 2263 seu
979 2228 1084 2281 post
1104 2235 1188 2282 per
1210 2217 1425 2264 eamdem
1447 2217 1567 2263 disfi-

160 2294 353 2340 nitivam
379 2295 523 2353 illato,
555 2294 794 2341 subveniri
823 2296 864 2341 ei
889 2297 1077 2358 poterit.

226 2372 365 2431 Quis,
412 2388 592 2434 quaeso,
643 2371 729 2417 nisi
768 2372 1016 2435 insipiens,
1071 2371 1157 2417 sub
1193 2373 1272 2418 tali
1323 2373 1484 2434 iniqua
1523 2382 1568 2417 et

163 2448 551 2510 perniciosissima
595 2448 695 2510 lege
733 2449 887 2494 vivere
924 2466 1022 2495 non
1064 2449 1255 2494 horreat
1297 2460 1342 2495 et
1387 2458 1569 2494 contre-

163 2526 350 2580 miscat,
378 2535 421 2569 et
446 2525 683 2587 potissime
708 2526 838 2588 quia,
868 2535 919 2571 ut
946 2526 1226 2589 plurimum,
1255 2543 1309 2570 ex
1337 2525 1567 2587 iniquissi-

163 2605 250 2649 mis
280 2604 578 2662 hominibus,
625 2607 778 2650 omnis
802 2605 919 2667 juris
952 2605 1136 2667 penitus
1172 2605 1360 2666 ignaris,
1399 2603 1568 2649 talibus

165 2681 354 2740 officiis,
389 2682 456 2726 uti
486 2681 711 2739 diximus,
747 2681 1036 2744 providetur,
1071 2682 1150 2743 qui
1193 2697 1246 2726 ea
1283 2681 1568 2743 frequentius
