1875 2956
243 216 316 251 316
805 215 1047 251 APOLOGIA
1069 245 1078 261 ‚

243 311 379 363 taque
411 302 642 365 possibilis
677 300 814 346 nobis
837 311 957 358 erat,
988 301 1114 346 dicto
1146 302 1450 350 illustrissimo
1477 322 1530 352 ac
1561 306 1639 352 be-

243 379 514 439 nignissimo
536 378 735 441 principi
762 377 922 423 habita
948 378 1198 437 gratiarum
1234 381 1442 440 actione,
1469 382 1638 428 subsis-

243 465 336 502 tere
360 473 445 518 pro
472 466 683 518 tempore
708 454 1025 513 decrevimus,
1056 472 1142 500 nce
1174 456 1372 518 amplius
1407 459 1634 521 aliquem,

240 541 288 577 ut
312 549 398 595 pro
423 531 560 576 nobis
582 532 858 576 intercessor
882 532 1033 591 lieret,
1058 532 1272 593 fatigare,
1295 548 1403 577 cum
1423 534 1530 581 inde
1552 553 1639 582 nec

242 607 442 653 fructum
468 608 643 667 ullum,
684 608 765 653 sed
796 609 941 670 magis
968 609 1258 654 accensionis
1291 608 1419 654 suriae
1452 612 1638 673 majoris

241 684 500 745 periculum
534 686 781 748 proxenire
818 685 1097 730 videremus.

304 763 518 821 Longum
565 772 683 808 esset
728 763 762 808 si
806 763 877 807 vel
926 762 1145 825 epistolas
1190 762 1639 826 humanissimasque

239 853 423 899 preces·‚
459 855 545 901 pro
570 839 706 884 nobis
726 856 809 902 per
827 839 1067 902 pra‘satum
1090 839 1449 885 illustrissimum
1468 841 1640 903 princi-

240 929 349 975 pem
374 913 537 972 factas,
574 916 646 962 vel
672 915 814 973 seras,
843 925 995 961 truces
1019 926 1157 978 atque
1194 916 1418 962 barbaras
1452 933 1641 981 respon-

237 989 391 1035 siones
414 991 474 1037 ad
500 1007 576 1037 eas
600 1002 645 1038 et
667 992 820 1038 verbis
842 1002 886 1038 et
914 994 1094 1056 scriptis
1112 993 1313 1051 habitas,
1340 994 1450 1038 huic
1474 1004 1640 1041 nostrae

237 1066 461 1129 apologiae
477 1069 701 1114 vellemus
722 1069 939 1114 inserere.
963 1069 1103 1126 Quod
1121 1070 1312 1132 quidem
1336 1070 1485 1116 facere
1503 1073 1639 1118 omit-

237 1144 402 1203 timus,
435 1161 493 1190 ne
518 1144 754 1191 fastidium
776 1146 1036 1207 legentibus
1064 1147 1340 1210 parturiant.
1370 1151 1484 1193 Tam
1514 1149 1638 1194 enim

236 1221 491 1267 manifestis
511 1223 768 1268 mendaciis
790 1223 968 1268 refertae
996 1234 1129 1268 erant
1147 1224 1419 1285 hujusmodi
1444 1241 1638 1288 respon-

236 1298 406 1357 siones,
433 1299 563 1360 quod
586 1300 721 1346 valde
742 1301 1006 1346 mirandum
1026 1311 1095 1346 est
1118 1302 1361 1364 quomodo
1387 1303 1500 1348 tanti
1517 1304 1640 1366 prin-

236 1375 349 1437 cipis
372 1377 507 1422 titulo
537 1393 591 1422 ac
628 1379 821 1423 nomine
854 1388 949 1424 tam
981 1389 1142 1441 aperta
1165 1379 1412 1426 mendacia
1434 1380 1639 1442 confingi

236 1452 488 1515 litterisque
512 1455 726 1500 mandari
761 1465 1032 1518 potuerunt.
1063 1455 1154 1501 Sed
1178 1472 1232 1502 ea
1252 1473 1349 1500 non
1371 1456 1639 1503 dubitamus

236 1529 429 1574 minime
452 1546 506 1575 ex
526 1532 644 1592 regis
659 1533 962 1590 conscientia,
992 1532 1073 1577 sed
1097 1533 1395 1577 inimicorum
1419 1532 1640 1578 adinven-

235 1605 442 1651 tionibus
474 1608 685 1669 pessimis
713 1624 951 1654 emanasse
982 1627 990 1652 :
1019 1609 1099 1670 qui
1129 1608 1251 1654 falsis
1277 1609 1369 1653 suis
1391 1619 1436 1654 et
1459 1609 1638 1654 calum-

237 1682 377 1727 niosis
413 1684 819 1730 criminationibus
857 1695 1064 1731 nostram
1097 1687 1486 1732 existimationem
1510 1687 1634 1750 apud

235 1759 476 1821 praesatum
518 1759 688 1804 ducem
731 1760 1090 1805 illustrissimum
1134 1762 1242 1806 totis
1286 1763 1461 1806 viribus
1500 1779 1639 1808 cona-

234 1835 407 1882 bantur
450 1853 668 1896 onerare,
715 1837 959 1898 denigrare
1005 1847 1050 1882 et
1097 1839 1365 1900 suggillare,
1419 1856 1477 1883 ne
1518 1839 1637 1885 ultra

234 1929 369 1957 suum
406 1912 545 1958 nobis
572 1914 887 1976 patrocinium
916 1915 1188 1978 impertiret.
1227 1918 1393 1960 Przcter
1432 1916 1524 1961 hoc
1567 1926 1636 1962 ta—

236 2006 342 2033 men
367 1991 495 2052 quod
519 1991 808 2054 apertissima
830 1992 1074 2038 mendacia
1098 2002 1143 2037 et.
1164 2010 1294 2055 paene
1314 1993 1533 2038 omnibus
1555 2010 1635 2039 no—

234 2067 353 2111 toria
388 2067 718 2126 continebant,
752 2069 891 2113 etiam
924 2078 1018 2114 tam
1043 2070 1159 2131 (esto
1189 2070 1329 2114 etiam
1353 2069 1481 2130 quod
1514 2086 1631 2114 verae

233 2143 530 2202 exstitissent)
556 2144 767 2190 absurdae
798 2156 926 2190 erant
952 2155 996 2190 et
1020 2145 1211 2203 frivolae,
1250 2156 1300 2190 ut
1324 2156 1446 2190 certe
1479 2145 1633 2208 pudor

233 2235 329 2263 esse
356 2218 591 2265 debuisset
628 2222 734 2266 talia
765 2221 941 2284 probra
982 2222 1028 2266 in
1066 2238 1351 2284 quemquam
1389 2221 1631 2266 hominem

227 2294 473 2355 jactitasse.
512 2296 602 2341 Sed
637 2298 797 2342 omnia
824 2298 922 2343 hirc
950 2297 1113 2358 agebat
1149 2315 1227 2342 rex
1259 2297 1631 2360 suggestionibus

231 2369 464 2416 dictorum
488 2374 797 2434 pessimorum
832 2384 877 2419 et
915 2375 1245 2419 sceleratorum
1281 2375 1511 2429 virorum,
1545 2375 1630 2418 sci-

231 2446 334 2492 licet
363 2464 481 2511 saepe
508 2450 737 2495 nominati
760 2450 890 2513 impii
914 2450 1118 2495 satellitis
1140 2460 1185 2495 et
1207 2467 1418 2496 suorum.
