1875 2956
727 224 866 259 LIBER
907 225 1100 261 SEXTUS.
1562 230 1608 264 37

215 310 475 373 appellant,
533 310 838 372 protexissent
885 321 927 357 et
977 309 1316 368 defendissent,
1371 320 1509 372 atque
1553 330 1609 358 eo

213 387 304 432 loci
335 385 395 431 ab
431 387 639 447 ingressu
675 388 831 450 patriae
864 404 954 432 suae
988 389 1192 432 Francos
1232 385 1606 449 prohibuissent,

213 461 403 507 tandem
445 462 635 508 eosdem
677 462 995 524 aggredientes
1027 478 1136 508 cum
1175 461 1431 524 majoribus
1465 465 1612 527 copiis

215 540 403 598 Franci,
433 538 713 601 fugientibus
725 540 990 600 Flamingis,
1017 539 1194 584 dictum
1232 555 1446 601 aggerem
1466 550 1614 586 trans-

214 616 403 663 ie1·unt¹.
431 617 522 672 Qui
560 616 749 676 ingressi
774 616 995 677 patriam,
1025 625 1237 662 montem
1277 616 1526 663 Casseleti²
1568 604 1615 662 et

213 694 387 740 vicinas
411 693 540 739 villas
563 694 701 752 longe
719 692 903 754 lateque
933 693 1161 738 incendiis
1176 696 1609 757 consumpserunt⁸,

217 785 351 831 agros
366 768 648 832 populantes
665 785 677 826 3
694 777 739 813 et
757 768 953 831 captivis
971 767 1185 815 abductis
1204 769 1403 827 colonis,
1424 770 1505 832 qui
1527 769 1614 815 sibi

215 853 393 888 mature
416 858 499 905 per
538 841 695 903 fugam
725 842 969 887 consulere
1002 843 1326 903 neglexerant,
1370 859 1479 888 cum
1519 860 1614 889 ma-

214 920 314 980 gnis
339 918 515 982 spoliiS,
538 928 788 982 postquam
810 935 893 982 per
927 918 1025 964 dies
1064 919 1243 982 aliquot
1258 937 1340 983 per
1363 920 1490 966 illam
1530 936 1613 983 pa-

211 996 369 1052 triam,
432 1010 536 1040 eam
588 995 832 1052 vastandQ
894 1006 1242 1059 percurrerant,
1292 996 1351 1042 ad
1392 997 1610 1059 propria,

214 1073 400 1117 nemine
421 1088 468 1117 se
492 1072 670 1118 eisdem
694 1071 945 1134 objiciente
960 1109 972 1131 ,
1005 1072 1260 1118 redierunt.

276 1149 457 1193 Similes
488 1150 629 1194 etiam
655 1149 953 1195 excursiones
972 1149 1137 1212 saepius
1169 1149 1371 1196 fecerant
1400 1151 1613 1213 praesidia

213 1225 440 1283 militum,
467 1241 568 1286 quae
591 1225 787 1270 Tornaci
819 1234 864 1270 et
899 1226 945 1270 in
980 1225 1080 1270 aliis
1105 1226 1353 1272 limitaneis
1378 1227 1562 1289 oppidis
1586 1243 1612 1273 a

211 1317 317 1362 rege
338 1301 553 1347 ordinata
585 1300 782 1346 fuerant.
812 1301 902 1356 Qui
935 1317 1309 1362 quaquaversum
1353 1318 1489 1363 agros
1512 1318 1613 1348 vas-

211 1386 384 1433 tantes,
420 1378 663 1421 universos
698 1376 923 1431 colonos,
965 1392 1130 1421 eorum
1160 1378 1359 1422 incensis
1392 1377 1613 1424 domibus

209 1453 269 1499 ad
296 1468 416 1514 quos
447 1468 593 1514 usque
619 1451 911 1497 excurrendo
934 1461 1189 1514 potuerunt
1214 1455 1475 1517 pervenire,
1502 1472 1614 1519 pro-

210 1529 440 1591 fligarunt.

274 1607 626 1668 Nonnunquam
653 1615 836 1663 tamen,
876 1605 983 1651 licet
1016 1622 1230 1669 perraro,
1263 1607 1406 1670 aliqui
1426 1625 1478 1654 ex
1503 1610 1612 1672 ipsis

209 1684 412 1739 Francis,
443 1694 538 1729 tam
568 1684 616 1729 in
649 1682 866 1728 Flandria
898 1699 1041 1745 quam
1070 1684 1117 1728 in
1146 1686 1417 1741 Hannonia,
1456 1685 1514 1731 ab
1546 1687 1614 1731 in-

210 1761 323 1807 colis
358 1762 516 1824 patriae
562 1770 609 1806 et
647 1759 872 1823 praesidiis
913 1770 1224 1817 armatorum,
1267 1763 1347 1824 qui
1387 1763 1434 1808 in
1477 1765 1612 1809 certis

211 1837 396 1901 oppidis
419 1837 478 1883 ad
514 1837 706 1883 tutelam
728 1836 884 1900 patriae
908 1837 1148 1883 constituti
1174 1848 1331 1897 erant,
1369 1840 1611 1904 intercepti

210 1914 421 1973 fuerunt3
448 1915 510 1960 ita
538 1924 588 1959 ut
609 1923 760 1959 metus
788 1914 1072 1959 incuteretur
1094 1914 1159 1960 eis
1194 1932 1252 1960 ne
1276 1925 1404 1962 tanta
1425 1916 1610 1964 licentia

209 1998 254 2034 et
275 1989 513 2048 facilitate,
549 1999 724 2051 quanta
756 1990 884 2052 prius
912 1990 1137 2046 fecerant,
1174 1991 1444 2054 hujusmodi
1469 2004 1612 2041 terras

209 2066 434 2113 auderent
471 2076 731 2129 penetrare.
774 2087 793 2108 c<
824 2066 1078 2123 Quondam
1100 2069 1302 2114 etenim³
1327 2070 1459 2116 victis
1493 2059 1611 2117 redit

214 2163 235 2184 «
263 2143 311 2188 in
333 2143 592 2207 praecordia
614 2144 774 2189 virtus.
811 2164 832 2185 »
863 2146 1022 2205 Longa
1057 2145 1233 2208 quippe
1255 2147 1538 2210 experientia
1567 2158 1611 2194 et

211 2219 475 2266 sufferentia
498 2220 753 2276 malorum,
779 2229 918 2282 atque
947 2219 1148 2267 subinde
1167 2238 1385 2285 premens
1413 2234 1605 2286 egestaS‚

211 2297 412 2360 populos
454 2297 638 2344 illarum
682 2307 940 2352 terrarum,
979 2298 1128 2360 longae
1172 2301 1299 2362 pacis
1340 2302 1436 2347 otio
1472 2303 1611 2347 armis

266 2453 301 2487 1.
334 2453 381 2488 13
405 2453 629 2489 amit-1477.

265 2512 302 2547 Ξ).
333 2513 475 2557 Cassel,
497 2513 737 2560 aujourd'hui
757 2513 849 2550 dans
872 2514 906 2550 le
926 2513 1186 2563 departement
1208 2516 1258 2553 du
1277 2516 1392 2552 Nord.

267 2574 302 2607 3.
334 2574 486 2610 Molinet
514 2576 701 2625 teinoigne
727 2576 836 2625 qu'ils
863 2576 1125 2612 s'avancerent
1149 2577 1299 2627 jusqu'ii
1329 2585 1460 2626 quatre
1494 2576 1608 2613 lienes

215 2632 260 2668 de
278 2634 536 2680 Gand,t.11,
559 2636 619 2673 ch.
642 2651 729 2673 va.

269 2696 305 2731 4.
337 2695 365 2731 Il
387 2709 409 2744 y
428 2709 449 2732 a
469 2699 579 2733 etiam
601 2697 693 2734 dans
717 2699 866 2748 Vin-gile.
