1875 2956
675 171 817 204 LIBER
846 171 1039 205 Paulus,
1483 174 1556 208 285

163 266 263 302 tata·
281 266 326 300 et
342 255 585 318 publicatae
604 256 836 315 videntur,
855 274 963 302 culn
983 257 1048 302 eis
1065 271 1162 300 non
1185 256 1274 301 alla
1286 256 1400 301 fides
1416 274 1555 317 quain

160 333 454 396 praediximus
479 343 753 394 servaretur,
777 351 918 396 quam
944 344 994 379 ut
1016 342 1166 379 essent
1188 332 1314 377 velut
1336 333 1558 395 decipula*

159 410 372 471 quaedani
394 420 472 456 aut
494 410 667 473 pedica‘
691 410 749 456 ad
770 427 850 457 eos
871 408 1308 456 circumveniendos
1320 418 1365 453 et
1378 410 1560 472 capien-

160 486 268 545 dos,
298 487 375 549 qui
400 487 554 532 minus
571 495 703 532 caute
726 496 770 531 et
789 486 1000 532 consulte
1014 487 1061 531 in
1086 485 1273 531 easdem
1292 484 1435 548 pedes
1449 502 1558 530 suos

158 563 421 625 injicerent,
458 563 858 626 quemadmodum
893 563 1213 625 experimento
1237 562 1323 625 ipsi
1345 561 1560 625 probavi-

160 656 288 698 mus,
315 641 395 701 qui
417 641 615 686 aliorum
640 639 829 685 adducti
852 639 925 684 vel
948 639 1079 684 vanis
1104 639 1175 683 vel
1208 638 1383 684 dolosis
1415 655 1558 685 asser-

158 715 381 774 tionibus,
396 726 566 761 temere
580 731 666 760 nos
681 714 855 760 eisdem
873 713 1156 760 duxeramus
1171 715 1552 761 committendos.

158 791 297 846 Quod
322 802 367 837 et
385 792 498 837 alios
516 792 685 837 multos
708 791 840 850 tristi,
867 791 989 853 proh
1010 790 1172 837 dolor!
1203 801 1247 837 et
1269 791 1556 838 lamentabili

155 869 295 914 exitio
321 870 528 915 similiter
551 869 850 932 comperiisse
871 869 1196 930 cognovimus.

627 1085 963 1130 CAPITULUM
998 1086 1077 1129 XI.

205 1219 254 1251 Dc
270 1218 322 1252 his
338 1230 413 1263 quae
430 1219 464 1252 in
486 1219 574 1265 regis
593 1220 688 1254 curia
707 1220 883 1266 prosecuti
900 1220 1040 1263 fuimus,
1057 1219 1169 1266 spatio
1189 1219 1324 1253 circiter
1347 1221 1514 1254 mensium

772 1286 935 1322 quatuor.

218 1401 308 1445 Sed
350 1418 445 1446 non
471 1417 528 1446 eo
561 1402 739 1461 minus,
775 1419 885 1447 cum
921 1402 1011 1447 tale
1040 1400 1179 1446 nobis
1213 1401 1555 1446 interventione

154 1477 325 1539 praefati
357 1477 500 1520 Balzoe
528 1476 811 1523 beneficium
834 1479 1185 1540 importaretur,
1213 1476 1369 1521 adhuc
1392 1477 1554 1539 persti-

153 1553 317 1611 timus,
347 1553 656 1615 supplicando
691 1563 741 1598 ut
765 1553 926 1599 saltem
947 1591 958 1612 ,
999 1554 1034 1598 si
1070 1570 1156 1598 nec
1198 1553 1245 1598 in
1287 1553 1479 1598 ecclesia
1510 1563 1555 1597 et

151 1629 339 1674 dioecesi
362 1639 536 1687 nostra,
557 1646 643 1674 nec
662 1630 711 1674 in
732 1629 826 1675 ulla
849 1630 1149 1693 portiuncula
1163 1629 1303 1674 totius
1326 1631 1554 1675 Norman-

153 1707 236 1750 niae
270 1706 481 1752 habitare
504 1707 688 1762 liceret,
727 1724 814 1751 nos
845 1707 1131 1769 permitteret
1157 1722 1236 1750 rex
1262 1706 1335 1750 vel
1361 1706 1409 1750 in
1444 1721 1555 1767 qua·

152 1798 353 1843 cumque
374 1782 464 1826 alia
488 1782 619 1844 regni
646 1791 777 1843 parte
801 1781 1086 1840 delitescere,
1112 1781 1194 1827 ubi
1218 1782 1554 1843 temperantior

151 1867 193 1902 et
219 1857 450 1902 salubrior
474 1857 610 1902 nobis
634 1874 712 1903 aer
729 1867 773 1902 et
795 1857 967 1903 coelum
987 1858 1261 1904 clementius
1280 1856 1549 1917 haberetur,

151 1949 294 1995 quam
317 1935 363 1978 in
388 1934 565 1980 torrida
589 1934 665 1979 illa
695 1935 831 1997 plaga
857 1934 1107 1980 Catalonia‘
1123 1971 1134 1993 ,
1166 1935 1214 1979 in
1248 1950 1341 1995 qua
1364 1935 1553 1996 regione

152 2027 304 2072 neque
342 2011 539 2056 domum
566 2028 717 2073 neque
756 2022 922 2056 notum
953 2012 1157 2074 aliquem
1186 2027 1378 2074 prorsus
1412 2011 1554 2057 habe-

150 2104 322 2147 remus,
357 2098 520 2150 utpote
554 2104 654 2150 quae
684 2089 899 2134 trecentis
933 2087 1210 2133 milliaribus
1243 2087 1478 2148 gallicanis
1509 2097 1552 2132 et

151 2181 177 2210 a
208 2166 314 2210 loco
345 2165 596 2211 nativitatis
618 2175 661 2210 et
686 2181 713 2210 a
735 2164 907 2210 finibus
937 2175 1106 2210 nostrae
1133 2164 1346 2210 dioecesis
1372 2174 1551 2209 remota

150 2251 266 2286 esset
289 2259 297 2285 :
319 2241 564 2286 offerentes
582 2258 668 2304 pro
686 2257 859 2303 magno
881 2257 1076 2286 munere
1097 2250 1142 2286 et
1160 2241 1306 2303 gratia
1325 2241 1547 2303 recipere,

150 2319 186 2362 si
203 2319 274 2363 vel
295 2319 414 2364 inter
432 2328 665 2381 praerupta
687 2327 732 2363 et
756 2318 975 2381 scopulos
994 2333 1213 2362 saxorum
1237 2317 1459 2362 Alverniae
1478 2317 1549 2361 vel

150 2394 404 2440 Destinatus
426 2395 564 2441 nobis
589 2396 755 2457 degere
778 2411 912 2458 posse
945 2394 1297 2440 concederetur.
1328 2393 1395 2438 Ad
1421 2393 1550 2454 quod

150 2470 477 2531 obtinendum,
500 2473 622 2531 licet,
646 2489 787 2534 quani
810 2488 1051 2534 possemus
1067 2480 1108 2517 et
1128 2488 1212 2534 per
1228 2486 1550 2533 quoscumque

150 2563 414 2609 possemus,
444 2549 699 2594 faceremus
721 2549 1006 2607 instantiam,
1036 2548 1153 2592 nihil
1178 2557 1335 2593 tamen
1362 2547 1547 2608 penitus

149 2623 196 2668 in
227 2623 319 2669 hoc
345 2623 568 2686 proficere
597 2626 850 2687 potuimus.
880 2625 971 2670 Sed
995 2625 1150 2687 priore
1173 2639 1357 2685 semper
1377 2623 1545 2684 injecta
