1875 2956
227 227 274 264 58
587 229 924 265 HISTORIARUM
952 229 1185 266 LUDOVICI
1212 232 1267 267 XI

225 317 306 364 sed
334 327 535 380 quantus
566 333 732 363 eorum
762 331 985 363 numerus
1009 316 1102 363 illic
1127 332 1267 363 caesus
1292 318 1448 377 fuerit,
1475 320 1624 365 incer-

225 405 325 442 tum
346 395 561 443 habitum
585 404 653 440 est
667 397 700 439 ¹.

289 474 391 518 Fuit
414 473 555 518 etiam
576 471 669 516 illic
702 486 860 516 comes
889 470 949 517 de
981 471 1411 532 Rotundo-Monte,
1439 475 1519 522 sed
1557 485 1626 522 ta·-

178 554 185 569 '
227 565 334 595 men
358 565 452 594 non
478 548 708 593 lethaliter
733 557 813 593 aut
832 548 1033 593 multum
1055 548 1271 609 graviter,
1297 549 1564 598 vulneratus
1580 554 1622 611 ²3

226 628 305 688 qui
321 663 333 686 ,
359 625 518 689 paucis
541 633 647 687 post
672 624 852 670 effluxis
875 624 1042 671 diebus
1058 662 1070 684 ,
1099 625 1353 670 convaluit.

679 824 885 867 CAPITU
894 823 1014 868 LUM
1048 824 1174 884 XVI.

227 955 275 986 De
287 952 405 999 praeda
421 965 546 999 magna
560 955 649 988 facta
666 968 685 988 a
704 956 823 1000 piratis
840 956 1065 990 Normanniae
1087 968 1191 1002 supra
1207 957 1395 1002 piscatores
1412 956 1582 992 Flandriae
1598 966 1629 991 et

413 1009 621 1052 Honandiae,
640 1019 672 1044 ct
689 1010 733 1044 de
748 1012 936 1057 asperrima
952 1012 1085 1055 hieme,
1103 1022 1197 1046 auno
1211 1023 1440 1047 mccchxxix.

290 1126 518 1173 Confecto
543 1127 681 1188 igitur
702 1127 828 1174 dicto
851 1128 1037 1191 proelio,
1059 1128 1171 1190 quia
1189 1129 1411 1174 exercitui
1434 1130 1631 1176 Flamin-

226 1218 394 1265 gorum
432 1219 597 1249 currus
648 1203 872 1263 deerant,
916 1204 1164 1266 omnisque
1224 1199 1445 1265 annona,
1487 1222 1631 1268 quam

225 1279 544 1341 adduxerant,
581 1297 691 1326 cum
726 1282 855 1327 varia
885 1282 1197 1345 supellectile,
1239 1298 1343 1344 quae
1373 1283 1439 1328 eis
1467 1284 1515 1328 in
1549 1300 1633 1331 sua

226 1360 447 1405 castrensi
471 1360 770 1423 expeditione
792 1361 896 1406 usui
920 1370 966 1406 et
984 1360 1232 1406 alimento³
1256 1361 1515 1407 necessaria
1541 1361 1633 1407 fue-

226 1444 318 1494 rat,
351 1451 378 1481 a
412 1439 701 1481 Francorum
728 1435 964 1498 equitibus
987 1435 1060 1480 vel
1085 1436 1286 1499 direpta,
1323 1437 1394 1482 vel
1426 1436 1630 1483 abducta

226 1512 396 1573 fuerat,
424 1513 636 1575 sequenti
658 1522 764 1577 post
792 1513 1009 1576 proelium
1037 1512 1138 1571 die,
1163 1514 1284 1558 intra
1311 1529 1419 1559 suos
1442 1513 1557 1560 fines
1583 1530 1629 1559 se

225 1600 516 1653 receperunt.

290 1669 375 1712 Per
409 1676 556 1713 totam
590 1676 747 1713 autem
782 1676 1055 1728 sequentem
1088 1666 1319 1725 hiemem,
1359 1667 1487 1712 nulla
1520 1667 1631 1713 hinc

224 1744 335 1790 inde
371 1745 596 1790 terrestris
631 1743 866 1807 expeditio
895 1744 995 1789 fuit.
1037 1745 1210 1789 Verum
1246 1759 1342 1789 non
1384 1753 1632 1807 propterea

226 1822 387 1867 Franci
427 1838 455 1866 a
499 1821 650 1866 navali
692 1820 990 1884 expeditione
1028 1819 1250 1866 adversus
1282 1820 1547 1881 Flamingos
1587 1832 1632 1867 et

226 1898 586 1958 Hollandrinos,
615 1899 694 1961 qui
726 1914 808 1961 per
827 1907 1107 1943 autumnum
1129 1908 1175 1942 et
1195 1898 1399 1944 hiemem
1413 1898 1630 1944 halecum

225 1985 271 2022 et
304 1976 503 2021 aliorum
536 1975 734 2038 piscium
770 1975 1016 2038 piscationi
1048 1992 1157 2020 eum
1194 1976 1375 2037 magnis
1406 1974 1631 2021 classibus

227 2053 547 2097 onerariarum
586 2052 777 2097 navium
817 2051 1090 2098 incumbere
1132 2053 1385 2113 quotannis
1423 2067 1630 2097 consue-

226 2138 410 2185 verunt,
434 2138 477 2173 et
498 2143 692 2189 magnas
717 2129 817 2174 auri
841 2138 887 2175 et
909 2129 1087 2190 argenti
1111 2130 1271 2192 copias
1295 2128 1402 2174 inde
1426 2128 1626 2187 trahere,

228 2219 323 2248 non
349 2203 627 2264 quieverunt
651 2212 730 2248 aut
752 2219 800 2248 se
820 2204 1173 2249 continuerunt.
1205 2203 1297 2248 Sed
1327 2202 1528 2248 validam
1561 2204 1630 2265 pi-

227 2281 476 2326 raticarum
510 2280 702 2325 navium
738 2289 877 2342 atque
915 2281 1170 2344 piratarum
1203 2296 1397 2326 manum
1446 2288 1631 2325 contra-

227 2358 418 2416 hentes,
455 2356 803 2402 multitudinem
848 2357 1039 2403 navium
1082 2356 1336 2416 Flandriae,
1374 2357 1632 2406 Hollandiae

285 2519 296 2551 1
312 2546 319 2552 .
358 2533 373 2547 α
392 2518 449 2553 De
467 2515 502 2552 la
518 2523 603 2564 part
620 2514 672 2552 du
691 2514 778 2556 duc,
800 2514 824 2552 il
843 2527 867 2563 y
887 2521 950 2550 eut
964 2513 1046 2563 plus
1063 2513 1110 2550 de
1122 2521 1227 2564 perte
1241 2526 1314 2563 que
1331 2513 1379 2551 de
1398 2514 1433 2550 la
1452 2523 1593 2553 nostre.
1610 2530 1628 2547 ι

230 2576 459 2622 Commines,
485 2576 510 2612 l.
534 2578 603 2621 vl,
624 2575 685 2612 ch.
707 2588 743 2612 V.

282 2641 320 2675 2.
356 2655 373 2672 <1
388 2639 511 2675 Kavre
531 2638 647 2687 d'ung
665 2638 814 2674 vireton
833 2639 850 2673 a
872 2637 908 2673 la
928 2636 1063 2674 cuisse.
1085 2654 1101 2670 ι»
1122 2637 1291 2683 molinet,
1316 2647 1341 2675 t.
1365 2640 1420 2685 ΙΙ,
1442 2637 1503 2675 ch.
1525 2651 1626 2675 cxvi.

284 2702 320 2737 3.
356 2701 532 2741 Alimenti
550 2699 643 2736 dans
661 2699 695 2736 le
716 2712 785 2735 ms.
