1875 2956
257 217 305 253 24
619 217 954 253 HISTORIARUM
984 216 1216 254 LUDOVICI
1244 219 1300 254 XI

253 306 341 352 tuit
365 306 504 352 etiam
542 305 692 349 dietus
718 304 940 349 dominus
958 303 1016 348 de
1046 308 1218 358 Craou,
1249 307 1366 351 inter
1391 306 1534 353 duces
1577 307 1658 353 mi·

254 383 358 428 litiae
404 383 523 444 regis
576 381 862 444 principalis,
913 380 1160 426 obsidione
1211 382 1381 428 vallare
1428 384 1655 447 oppidum

254 461 496 517 Dolense¹,
524 468 600 515 ut,
632 473 689 502 eo
722 457 1006 518 conquisito,
1051 457 1368 503 Bisuntionem
1397 469 1439 504 et
1465 471 1652 516 caetera,

252 553 353 599 quae
371 536 429 581 de
450 534 598 597 patria
620 533 859 579 restabant
873 569 884 591 ,
927 534 1104 579 facilius
1125 532 1211 578 sibi
1231 533 1457 595 subjicere
1481 548 1651 600 posset.

253 616 397 658 Porro
420 627 549 669 cum,
577 610 738 656 castris
756 611 880 656 circa
898 610 1021 655 idem
1043 610 1272 673 oppidum
1297 611 1476 673 positis,
1500 613 1657 675 inqui·

252 688 340 733 bus
365 689 468 750 plus
490 702 633 748 quam
658 702 720 731 x11
741 687 885 731 millia
908 685 1190 732 bellatorum
1214 686 1339 731 idem
1362 686 1583 734 dominus
1599 690 1656 734 de

253 767 405 809 Craon
431 778 700 825 aggregasse
720 762 972 819 serebatur,
1003 762 1254 826 oppidani²
1280 763 1404 824 gravi
1430 765 1657 809 constrin-
1684 809 1686 811 ,

248 850 466 902 gerentur
501 839 680 898 inedia,
709 856 766 884 eo
805 839 935 902 quod
960 840 1213 885 multarum
1255 855 1411 884 rerum
1451 839 1657 885 humano

247 917 350 961 usui
374 918 738 962 necessariarum
762 917 1009 980 penuriam
1028 926 1313 979 paterentur,
1340 917 1655 962 necessitatem

247 1009 379 1038 suam
394 993 586 1056 praesato
599 993 795 1039 domino
809 993 866 1038 de
882 992 1077 1056 Arguez‘l
1087 1003 1130 1038 et
1145 993 1318 1038 caeteris
1332 993 1654 1051 innotuerunt,

246 1086 365 1131 quos
381 1069 467 1114 sibi
484 1069 768 1114 defensionis
779 1069 1044 1133 praesidium
1057 1070 1219 1114 afferre
1230 1085 1366 1132 posse
1378 1069 1653 1116 sentiebant.

315 1149 367 1191 Et
395 1146 519 1192 fama
564 1146 755 1209 quidem
779 1145 967 1209 publice
1005 1145 1111 1203 suit,
1142 1162 1195 1190 ex
1227 1145 1415 1190 (luobus
1456 1147 1654 1202 nuntiis,

247 1237 367 1283 quos
392 1222 568 1268 obsessi
582 1222 641 1268 ad
660 1222 1017 1285 procurandum
1043 1239 1315 1268 succursum
1340 1221 1654 1281 destinarant,

248 1299 444 1345 alterum
477 1300 538 1345 ad
577 1316 744 1345 manus
771 1299 946 1363 praefati
967 1298 1148 1344 domini
1173 1299 1230 1344 de
1258 1301 1440 1356 Graan,
1468 1309 1672 1362 captum·

247 1376 306 1421 ab
328 1376 680 1422 excubitoribus
700 1385 959 1421 castrorum
979 1413 989 1434 ,
1018 1376 1285 1435 devenisse,
1307 1393 1390 1439 per
1409 1393 1549 1438 quem
1570 1376 1657 1422 sibi

247 1453 452 1498 innotuit
486 1453 543 1498 de
567 1452 642 1498 die
684 1462 727 1496 et
760 1453 878 1497 hora
902 1453 1169 1514 caeterisque
1211 1452 1273 1497 ad
1296 1469 1393 1496 rem
1420 1453 1657 1514 pertinen-

246 1528 388 1587 tibus,
407 1528 578 1591 quibus
592 1530 677 1592 ipsi
695 1528 870 1574 obsessi
885 1527 1501 1573 succursussubventionem
1518 1538 1657 1590 atque

248 1606 411 1651 solatia
429 1605 490 1651 ab
514 1605 871 1651 auxiliatoribus
895 1606 1108 1668 accipere
1141 1615 1279 1666 atque
1303 1615 1590 1667 exspectare,
1614 1615 1659 1650 et

247 1683 347 1728 vice
372 1698 504 1728 versa
519 1699 659 1746 opem
678 1683 855 1729 eisdem
877 1683 987 1745 ipsis
1013 1683 1302 1728 auxiliaturis
1327 1683 1654 1728 scrreinvicem

195 1750 197 1752 .
246 1759 571 1805 condixerant.
601 1760 784 1816 Quibus
809 1761 1115 1805 nihilominus
1132 1759 1516 1819 advenientibus,
1547 1777 1656 1805 cum

249 1836 448 1896 obsessi,
467 1837 597 1898 juxta
611 1837 879 1883 condictam
899 1837 1068 1882 horam
1087 1873 1097 1892 ,
1123 1835 1329 1881 studiose
1341 1851 1395 1881 ac
1416 1835 1657 1896 vigilanter

249 1913 553 1959 observarent
582 1928 676 1976 qua
698 1914 763 1959 eis
786 1930 927 1977 opem
956 1914 1093 1959 laturi
1117 1912 1368 1958 adventare
1392 1911 1650 1970 debebant,

250 2006 345 2034 non
371 1990 620 2035 defuerunt
634 1990 693 2035 ad
710 1991 978 2036 condictam
1000 1990 1165 2035 horam
1189 1999 1234 2034 et
1256 1990 1414 2034 locum
1437 1989 1522 2051 ipsi
1546 1992 1655 2033 Bur-

248 2064 512 2125 gundiones
527 2083 635 2111 cum
652 2067 826 2111 caeteris
840 2066 1125 2111 Suitensium
1143 2065 1305 2128 copiis.
1324 2067 1377 2108 Et
1395 2065 1498 2109 licet
1517 2067 1651 2127 pauci

247 2157 464 2200 numero,
479 2141 1176 2205 obsidentiumcomparatione,
1190 2142 1473 2199 exsisterent,
1491 2160 1510 2183 «
1527 2141 1652 2187 bello

249 2236 270 2257 «
299 2226 454 2262 tamen
495 2218 650 2265 vivida
676 2219 837 2273 virtus,
866 2240 886 2260 >›
918 2220 1002 2282 ipsi
1039 2218 1260 2264 audacter
1290 2227 1333 2262 et
1375 2218 1584 2263 animose
1604 2219 1650 2263 in

247 2296 450 2341 Francos
474 2296 734 2355 irruerunt,
758 2314 813 2341 ex
831 2297 919 2342 alia
946 2306 1076 2359 parte
1102 2297 1241 2341 etiam
1260 2310 1356 2340 non
1380 2295 1652 2340 feriantibus

247 2371 463 2429 obsessis,
487 2374 566 2435 qui
591 2390 615 2418 e
640 2374 734 2418 suis
757 2374 903 2436 portis
924 2383 1239 2436 eru1npente5‚
1261 2372 1353 2417 suis
1377 2372 1556 2417 auxiliis
1577 2389 1651 2417 oc-

245 2460 508 2495 currerunt.
536 2451 647 2513 Ipsis
684 2451 839 2511 itaque
863 2467 972 2494 cum
997 2450 1154 2496 valido
1179 2450 1350 2512 impetu
1378 2448 1499 2493 ultro
1517 2449 1652 2494 citro-

244 2542 335 2588 que
356 2527 712 2573 imminentibus
732 2531 1020 2572 Francorum
1046 2528 1210 2590 copiis,
1231 2542 1450 2589 magnam
1473 2526 1651 2588 deipsis

298 2643 333 2676 1.
368 2640 477 2677 ΠύΙΘ.

296 2707 331 2741 2.
368 2707 633 2754 Oppz'danique
653 2705 745 2741 dans
766 2706 800 2741 le
820 2705 1037 2741 manuscrit.
