1875 2956
288 245 334 279 ΤΞ
647 245 981 280 HISTORIARUM
1013 246 1243 281 LUDOVICI
1273 248 1324 281 X!

286 331 453 377 trolabi
488 342 533 377 et
568 331 749 377 cadere.
779 333 885 386 Quo
911 332 1010 394 ipsa
1038 347 1147 377 casu
1180 335 1379 380 contrita
1410 345 1454 380 et
1491 334 1687 396 graviter

286 424 536 472 oppressa,
583 417 722 468 atque
758 407 819 452 ad
854 406 1051 453 domum
1093 423 1226 454 suam
1263 407 1430 455 debilis
1468 410 1684 466 reducta,

284 485 403 531 infra
422 500 599 548 paucos
619 483 717 529 dies
736 486 880 546 post¹‚
905 500 959 529 ex
976 484 1065 530 hae
1086 484 1350 530 transitoria
1371 485 1480 543 vita,
1503 487 1690 532 incertis

285 577 468 625 semper
489 570 533 605 et
559 559 776 622 periculis
799 569 843 604 et
869 558 1054 605 casibus
1084 560 1248 622 plena,
1275 560 1489 622 migravit
1511 562 1570 608 ad
1592 565 1688 607 Do·

285 639 467 683 minum
484 639 511 681 2.

352 718 487 770 Erat,
526 730 612 776 pro
644 722 774 759 aetate
816 724 859 759 et
899 729 1033 759 sexus
1065 713 1364 771 conditione,
1402 713 1612 777 prudens
1647 726 1691 760 et

286 796 407 840 bene
431 803 612 839 morata
629 831 640 853 ,
666 776 757 839 fide
786 809 840 839 ac
871 794 949 857 pia
976 793 1037 839 ad
1068 796 1219 839 Deum
1247 793 1524 853 devotione,
1554 794 1691 839 simul

285 881 330 917 et
368 869 657 930 benignitate
687 879 825 931 atque
863 870 1269 931 eleemosynarum
1291 869 1536 930 largitione
1561 885 1692 914 com-

284 945 521 992 mendata.
575 944 710 991 Unde
755 946 937 1004 eunetis
988 955 1216 990 terrarum
1261 961 1452 990 suarum
1495 943 1692 990 subditis

285 1023 428 1087 ipsius
464 1033 559 1068 tam
586 1038 792 1086 praeceps
823 1033 868 1068 et
900 1023 1149 1068 immatura
1179 1039 1304 1067 mors
1327 1022 1484 1083 magni
1512 1021 1687 1081 luctus,

289 1120 375 1148 nec
401 1103 556 1148 minus
580 1103 744 1148 illustri
768 1102 908 1147 etiam
935 1102 1274 1161 Maximiliano,
1302 1101 1400 1163 ejus
1431 1102 1690 1164 conjugali,

289 1179 366 1240 qui
399 1180 556 1237 ean1³‚
588 1179 656 1223 uti
688 1194 772 1241 par
799 1187 921 1234 erat,
950 1178 1086 1223 unice
1113 1177 1353 1240 diligebat,
1380 1178 1532 1225 attulit
1560 1195 1695 1224 occa-

287 1256 484 1301 sionem.
515 1258 696 1300 Horum
721 1265 877 1301 autem
904 1255 1080 1301 luctus‘⁴
1112 1272 1209 1301 non
1242 1272 1410 1319 parum
1445 1255 1696 1301 deliniebat

287 1346 427 1398 atque
460 1336 716 1395 solabatur,
759 1336 888 1398 quod
920 1346 1159 1382 tantorum
1184 1336 1506 1383 dominiorum
1536 1345 1580 1382 et
1619 1336 1696 1380 in-

287 1413 489 1473 signium
530 1423 758 1459 terrarum
792 1413 999 1459 baeredes
1036 1424 1139 1476 post
1175 1430 1221 1458 se
1261 1414 1510 1474 reliquerat
1547 1429 1696 1458 unum

289 1490 463 1550 filium,
496 1491 688 1536 nomine
720 1490 1010 1554 Philippum,
1054 1500 1098 1535 et
1118 1506 1259 1536 unam
1300 1490 1467 1549 filiam,
1503 1490 1696 1534 nomine

288 1568 637 1628 Margareta1n⁵.
666 1569 782 1612 Nam
807 1567 893 1612 nisi
922 1567 984 1612 ita
1005 1567 1232 1624 venisset²
1259 1577 1303 1611 et
1333 1566 1511 1628 absque
1541 1567 1698 1612 liberis

290 1641 388 1703 ipsa
423 1640 549 1685 diem
589 1640 805 1696 obiisset,
838 1641 924 1686 illis
955 1641 1219 1686 clarissimis
1260 1641 1391 1685 terris
1425 1642 1518 1686 suis
1555 1641 1698 1703 ipsius

289 1717 489 1763 desectio
512 1717 821 1762 verisimiliter
852 1727 1021 1763 statum
1053 1717 1285 1762 infelicem
1309 1726 1352 1761 et
1374 1716 1508 1762 valde
1536 1716 1699 1761 turbu-

288 1795 468 1840 lentum
501 1794 795 1857 importasset
826 1813 834 1839 :
868 1794 997 1856 quod
1020 1794 1402 1852 clementissime,
1431 1808 1514 1856 per
1537 1793 1698 1855 hujus-

290 1871 476 1917 cemodi
509 1870 568 1916 de
600 1887 654 1917 ea
688 1871 955 1934 superstites
991 1871 1190 1929 liberos⁷
1235 1870 1393 1916 divina
1436 1870 1699 1931 benignitas

289 1957 468 1993 avertit.

344 2121 380 2155 21.
408 2118 488 2154 Ello
508 2131 555 2155 nc
576 2118 648 2168 prit
668 2120 702 2155 lv
721 2119 757 2155 lit
781 2120 895 2169 qu'au
914 2120 1008 2157 boui
1025 2120 1071 2155 ‹le
1091 2119 1180 2155 trois
1201 2117 1398 2162 semaines,
1420 2117 1567 2153 suivant
1588 2117 1697 2153 Moli-

291 2189 374 2225 11013
404 2180 497 2216 mais
522 2180 557 2216 la
583 2180 798 2231 Chronique
816 2182 1003 2218 flamande
1022 2182 1086 2218 des
1106 2180 1188 2217 faits
1209 2189 1243 2215 et
1268 2188 1388 2229 gestes
1407 2178 1631 2215 admirables
1653 2179 1699 2215 (le

291 2242 524 2279 Maximilion
546 2251 601 2279 est
620 2243 816 2280 conforme
838 2257 885 2280 au
904 2243 997 2281 recit
1017 2243 1062 2280 (le
1080 2242 1241 2279 Thomas
1262 2241 1386 2278 Basin.

345 2307 382 2342 2.
414 2307 462 2341 27
484 2318 583 2342 mars
603 2307 721 2345 1482.

346 2370 381 2404 3.
414 2370 540 2404 Etiam
560 2367 652 2404 (lans
674 2368 709 2404 le
732 2382 801 2405 ms·

346 2431 382 2466 [1.
415 2429 542 2466 Mieux
563 2430 736 2467 vaudrait
759 2434 915 2476 laetam,
940 2443 987 2467 au
1008 2430 1199 2480 singulier.

346 2494 383 2527 53.
415 2491 586 2542 Philippo
614 2493 649 2529 le
680 2495 778 2530 Beau
803 2501 838 2529 et
861 2492 1088 2542 Margum-ite
1115 2490 1348 2527 ‹1⁷Autriche.
1384 2492 1463 2528 Elle
1490 2490 1627 2528 laissait
1653 2490 1699 2526 de

293 2554 376 2604 plus
396 2567 446 2590 un
468 2554 524 2591 fils
548 2555 811 2601 n‹›11veau-n('¹‚
834 2555 967 2604 appele
986 2553 1186 2603 F1-anqois,
1209 2554 1272 2603 qui
1292 2566 1340 2590 ne
1359 2554 1409 2590 lui
1430 2553 1607 2590 survecut
1634 2565 1698 2603 pas

292 2616 337 2652 de
356 2615 568 2667 beaucoup.
