1875 2956
651 192 790 226 LIBER
820 191 1017 226 SEXTUS.
1471 192 1542 226 1:25

148 292 237 338 que
275 276 468 321 sinistris
509 277 712 322 consiliis
741 277 1098 330 circumventus,
1126 290 1154 319 a
1189 282 1311 318 recte
1348 283 1392 318 et
1426 275 1544 334 juste

147 353 387 415 desponsis
410 353 589 411 resiliit,
630 354 934 417 prorupitque
967 353 1015 397 in
1040 350 1213 396 frivolae
1237 349 1479 411 cujusdam
1502 363 1546 397 et

146 431 399 475 temeraria*
428 431 751 494 appellationis
786 445 969 475 vocem.
1002 416 1115 485 Quae
1146 427 1356 492 profecto
1379 428 1546 474 merito

146 504 391 551 subsistere
410 507 513 568 jure
534 523 631 552 non
655 515 851 569 poterat,
877 515 976 550 tum
999 504 1127 567 quod
1143 521 1198 549 ex
1224 513 1351 550 certa
1368 514 1549 550 senten-

146 583 208 628 tia
235 584 405 629 summi
433 583 666 646 pontificis
688 582 936 646 appellatio
960 580 1278 638 inhibebatur,
1302 590 1402 626 turn
1419 583 1547 644 quod

147 661 345 706 monitio
380 678 476 706 non
510 670 609 707 erat
642 660 729 705 nisi
765 659 823 704 de
856 658 928 703 his
960 675 1062 721 quae
1102 659 1271 704 divinis
1310 660 1549 722 praeceptis

146 747 191 782 et
220 738 359 784 sacris
388 754 625 784 canonum
655 735 973 782 sanctionibus
1005 735 1105 781 fieri
1130 735 1371 798 jubentur.
1401 738 1549 783 Noto-

146 815 268 860 rium
292 816 481 879 insuper
508 825 605 861 erat
638 815 816 860 crimen
850 813 1084 859 evidentia
1113 813 1237 871 facti,
1265 813 1394 876 quod
1422 814 1548 860 nulla

146 901 328 954 poterat
358 891 733 953 tergiversatione
765 889 905 935 celari
942 889 1014 934 vel
1055 888 1315 945 obfuscari,
1363 889 1422 936 de
1453 906 1548 952 quo

146 968 358 1024 crimine,
381 978 431 1013 ut
457 984 503 1012 se
527 967 734 1029 ejusdem
754 976 1011 1029 patratores
1036 966 1358 1024 emendarent,
1386 966 1550 1013 admo-

147 1043 395 1089 nebantur.
424 1046 502 1089 Hae
533 1052 690 1089 autem
714 1059 861 1089 causae
893 1052 938 1088 et
966 1057 1129 1087 earum
1166 1043 1355 1104 singulae
1384 1043 1548 1088 validae

147 1130 253 1166 sunt
272 1130 316 1166 et
337 1120 546 1166 efficaces
563 1119 624 1166 ad
638 1119 945 1181 rejiciendum
961 1129 1005 1164 et
1022 1118 1365 1165 exsufflandum
1384 1136 1550 1166 omnes

146 1197 338 1259 hujusce
362 1197 548 1243 frivolas
566 1196 916 1260 appellationes,

210 1275 342 1337 Atqui
374 1274 680 1320 nihilominus
711 1274 796 1336 ipsi
829 1272 1069 1318 seditionis
1108 1281 1335 1329 auctores,
1371 1272 1437 1317 eis
1478 1273 1548 1317 in-

147 1351 276 1408 nexi,
303 1361 345 1396 et
372 1351 908 1396 excommunicationem
931 1359 977 1394 et
1008 1349 1260 1394 anathema
1285 1348 1404 1394 sedis
1441 1365 1550 1412 apo-

145 1426 332 1483 stolicae,
352 1426 652 1472 interdictum
664 1441 852 1487 quoque
867 1423 1158 1487 publicatum
1172 1434 1545 1485 contemnentes,

145 1518 193 1548 se
233 1512 454 1565 praetextu
506 1503 608 1548 talis
648 1501 974 1565 appellationis
1015 1500 1231 1547 defensos
1266 1500 1549 1548 sufficienter

141 1577 430 1640 jactitabant.
460 1579 600 1634 Quod
624 1588 669 1624 et
693 1578 932 1635 nonnulli,
965 1576 1052 1623 sibi
1087 1577 1437 1640 evangelizandi
1451 1578 1549 1624 offl-

146 1655 271 1700 cium
298 1665 599 1719 usurpantes,
626 1656 724 1702 ausi
759 1665 865 1701 sunt
896 1655 942 1699 in
985 1654 1229 1712 cathedra,
1273 1671 1416 1717 quam
1451 1671 1547 1700 non

148 1731 331 1778 deceret
359 1732 446 1776 nisi
469 1732 745 1794 evangelicae
770 1732 974 1778 veritatis
1002 1732 1217 1777 nuntiam
1246 1748 1367 1788 esse,
1395 1732 1548 1795 impu-

148 1809 311 1856 denter
330 1808 520 1856 auribus
536 1810 758 1856 adstantis
774 1809 937 1873 populi
955 1809 1181 1870 ingerere.
1201 1809 1291 1864 Qui
1315 1809 1473 1865 etiam,
1501 1818 1550 1853 ut

148 1886 322 1932 eisdem
344 1887 541 1950 amplius
560 1886 675 1932 fides
691 1886 962 1942 haberetur,
992 1884 1202 1930 officium
1236 1885 1550 1948 inquisitionis

147 1962 372 2009 haereticae
419 1964 656 2027 pravitatis
699 1981 745 2009 se
784 1963 1026 2026 Jactaba11t
1065 1962 1257 2009 habere.
1310 1963 1401 2008 Sed
1440 1980 1549 2008 cum

149 2040 296 2086 clerus
317 2040 596 2087 venerabilis
626 2041 823 2086 civitatis
844 2041 903 2086 de
924 2040 1251 2103 hujuscemodi
1284 2039 1551 2103 apostolicis

149 2118 505 2177 monitionibus,
560 2119 765 2164 censuris
816 2128 860 2164 et
907 2118 1177 2175 interdictis,
1228 2118 1370 2180 ipsius
1410 2119 1549 2164 etiam

149 2195 447 2256 Enghelberti
492 2197 770 2253 assertione,
813 2212 896 2259 per
918 2212 1059 2258 quem
1094 2194 1371 2240 eorumdem
1394 2195 1551 2258 copias

151 2283 425 2335 acceperant
445 2308 456 2330 ,
506 2272 788 2318 sufficienter
830 2271 1064 2318 certiorati
1108 2281 1286 2331 essent,
1333 2270 1550 2317 decreve-

152 2358 282 2406 runt,
310 2349 376 2394 uti
401 2365 485 2411 par
508 2359 622 2405 erat,
649 2349 915 2412 apostolicis
933 2347 1166 2393 mandatis
1188 2363 1243 2393 ac
1261 2349 1466 2393 censuris
1485 2364 1552 2393 re-

152 2435 361 2470 verenter
383 2435 520 2487 atque
544 2425 820 2471 obedienter
844 2441 1024 2488 parere.

217 2502 333 2546 Sane
357 2519 464 2548 cum
486 2503 536 2548 id
565 2512 776 2564 regentes
799 2502 995 2547 civitatis
1016 2510 1063 2546 et
1095 2499 1365 2546 rebellionis
1390 2510 1550 2546 aucto-

155 2591 225 2620 res
267 2577 595 2624 intellexissent
637 2579 765 2640 quod
803 2579 952 2623 clerus
975 2577 1275 2623 interdictum
1301 2576 1550 2622 observare

154 2653 404 2709 statuisset,
443 2664 486 2699 et
511 2655 608 2715 jam
638 2671 665 2700 a
685 2655 855 2700 divinis
890 2655 936 2698 in
971 2653 1125 2713 vigilia
1163 2652 1287 2697 beati
1317 2653 1549 2698 Laurentii
