1875 2956
724 243 866 277 LIBER
902 243 1096 277 SEXTUS.
1573 246 1593 280 3

196 327 334 372 bonis
356 327 448 372 suis
472 328 543 372 vel
574 329 753 389 magnis
790 329 1095 391 pecuniarum
1137 328 1330 372 summis
1355 329 1589 388 mulctati,

196 403 350 466 plures
390 403 529 449 etiam
553 405 701 467 capite
720 405 864 467 plexi,
894 405 965 450 vel
988 404 1100 449 alias
1122 403 1274 466 puniti
1302 404 1589 451 exstiterunt.

196 478 376 534 Quibus
399 480 616 542 periculis
639 480 954 543 quamplures,
994 479 1210 524 nondum
1239 480 1592 543 comprehensi,

194 557 397 603 exterriti
424 559 707 603 etcautiores
736 556 908 615 effecti,
935 572 1032 602 sese
1069 556 1213 602 furori
1237 556 1448 620 plebium
1488 557 1596 603 sub·

194 633 453 690 trahentes,
489 635 676 680 mutatis
715 632 924 693 sedibUS,
971 633 1031 679 ad
1069 634 1159 679 alia
1202 633 1306 679 loca
1342 635 1516 680 tutiora
1553 652 1599 679 se

196 711 511 769 contulerunt,
539 721 812 773 tempusque
836 710 929 756 illic
953 711 1264 774 opportunius
1289 711 1600 775 opperieban-

197 796 286 846 tur,
303 804 397 849 quo
414 788 671 851 pacatiores
693 788 865 833 effecta·
885 787 1045 851 plebes
1068 804 1096 834 a
1118 788 1394 835 tumultibus
1417 799 1462 835 et
1486 789 1601 834 sedi-

195 865 402 911 tionibus
421 865 709 911 sedarentur.

262 942 503 987 Inchoavit
539 952 694 988 autem
711 943 949 1005 potissime
982 953 1028 988 et
1050 942 1185 989 valde
1208 942 1423 988 efferbuit
1444 942 1602 1005 hujus-

197 1017 325 1062 modi
340 1018 577 1081 popularis
596 1019 724 1064 furor
737 1029 875 1081 atque
898 1020 1070 1065 saevitia
1084 1020 1130 1064 in
1148 1020 1326 1083 oppido
1340 1019 1595 1065 Gandensi.

196 1096 302 1150 Quo
325 1095 431 1140 loco
465 1095 522 1140 de
557 1095 777 1141 omnibus
808 1096 902 1142 sere
929 1097 1061 1142 terris
1092 1107 1231 1157 atque
1255 1096 1441 1160 oppidis
1459 1133 1470 1155 ,
1497 1113 1599 1159 quae

196 1171 403 1217 defuncti
427 1173 579 1218 Caroli
615 1171 748 1218 ducis
785 1172 975 1218 ditionis
996 1174 1202 1231 fuerant,
1236 1173 1466 1218 maximus
1489 1174 1606 1219 cele-

197 1248 356 1294 bratus
385 1260 451 1295 est
492 1260 774 1307 conventus,
815 1251 861 1295 in
902 1251 1115 1313 proxima
1151 1251 1323 1296 scilicet
1347 1250 1604 1312 quadrage-

196 1325 312 1371 sima
344 1336 592 1389 postquam
635 1327 757 1372 idem
793 1327 986 1372 Carolus
1025 1343 1077 1372 ex
1108 1327 1201 1372 hoc
1244 1326 1413 1371 saeeulo
1453 1336 1600 1372 trans-

196 1401 309 1447 ierat
329 1404 355 1445 ¹.

261 1480 378 1522 Cum
434 1494 544 1523 vero
597 1479 688 1523 illic
741 1479 1041 1524 inchoassent
1101 1479 1262 1540 agitari
1316 1479 1602 1542 populorum

197 1554 446 1600 seditiones
479 1565 617 1617 atque
648 1555 847 1614 civium,
890 1555 1111 1601 adversus
1147 1571 1228 1601 eos
1265 1555 1465 1601 maxime
1494 1557 1599 1618 qui,

198 1632 266 1676 vel
287 1631 472 1677 tributis
494 1633 743 1696 principis,
760 1633 833 1678 vel
854 1633 995 1695 ipsius
1019 1633 1183 1695 oppidi
1199 1633 1410 1679 levandis
1433 1643 1479 1678 et
1504 1633 1602 1678 col-

197 1708 392 1770 ligendis
434 1709 750 1772 prfefuissent,
794 1710 924 1755 facile
960 1726 1143 1772 serpere
1184 1709 1244 1755 ad
1281 1709 1462 1771 aliaque
1505 1725 1602 1755 sese

199 1785 374 1848 oppida
394 1785 633 1831 effundere
656 1784 983 1847 hujuscemodi
1014 1785 1299 1830 seditionum
1324 1785 1500 1830 malum
1521 1802 1603 1847 po-

199 1863 299 1907 tuit.
335 1863 606 1925 Exemplum
624 1863 750 1907 enim
771 1879 797 1908 a
821 1862 1050 1908 Gandavo
1065 1871 1335 1925 acceptum,
1353 1872 1398 1907 et
1418 1863 1600 1924 Brugis,

198 1949 241 1984 et
262 1941 504 1996 Biwtxellae,
528 1950 572 1985 et
594 1940 848 2002 Antverpize
873 1940 1067 2002 aliisque
1089 1940 1425 2002 plurimislocis
1448 1940 1602 1985 statim

198 2028 407 2063 secutum
433 2018 540 2075 fuit,
567 2018 829 2080 similesque
853 2027 1008 2062 motus
1042 2018 1203 2078 agitari
1230 2027 1487 2080 coeperunt.
1512 2020 1605 2062 Nec

200 2094 262 2139 ob
289 2095 597 2140 reverentiam
625 2093 728 2139 filiae
758 2094 905 2139 unicae.
939 2094 1114 2157 praefati
1154 2094 1303 2140 Caroli
1340 2093 1514 2151 ducis²,
1544 2094 1602 2139 ad

200 2187 341 2233 quam
386 2182 614 2217 terrarum
664 2170 929 2216 dominium
974 2188 1029 2216 ex
1070 2181 1265 2234 paterna
1310 2171 1604 2216 successione

201 2248 473 2294 devolutum
519 2259 645 2308 erat,
672 2249 931 2311 quidquam
965 2250 1120 2295 minus
1158 2266 1305 2311 usque
1343 2248 1600 2305 faciebant,

202 2342 286 2371 nec
309 2326 367 2372 ab
403 2326 579 2372 eisdem
602 2343 649 2372 se
679 2326 956 2372 tumultibus
993 2336 1035 2372 et
1068 2325 1378 2372 seditionibus
1416 2324 1605 2372 cohibe-

204 2401 315 2448 bant
328 2404 453 2455 (licet
473 2404 613 2449 etiam
633 2404 733 2466 ipsa
757 2420 958 2466 praesens
977 2404 1212 2450 exsisteret
1232 2403 1448 2450 Gandavi
1462 2441 1473 2461 ,
1497 2419 1604 2448 cum

204 2479 312 2525 tales
336 2490 490 2526 motus
504 2479 780 2541 agebantur)
797 2498 806 2536 3
826 2480 906 2526 sed
923 2518 934 2540 ,
957 2481 1097 2526 veluti
1111 2481 1309 2526 vinculis
1321 2491 1460 2542 atque
1477 2495 1605 2525 com-

260 2663 296 2697 ’1.
328 2663 394 2697 Ces
415 2655 514 2697 Isstats
538 2675 576 2698 se
595 2662 788 2699 reunjrent
809 2675 854 2698 au
878 2662 970 2697 mois
992 2661 1038 2697 de
1060 2674 1156 2696 mars
1179 2663 1295 2699 1477.

259 2725 296 2759 2.
329 2723 443 2759 'Mai-ie
463 2723 508 2759 de
527 2726 764 2773 Boni-gugne.
