1875 2956
260 231 305 266 ἰώ
620 228 958 265 HISTORIARUM
989 228 1222 264 LUDOVICI
1249 230 1304 264 XI

259 321 403 366 mavit
434 321 701 366 consultum
735 316 914 374 subire3
956 316 1036 362 sed
1074 316 1196 361 intra
1234 316 1408 379 oppida
1452 317 1658 375 munita,

260 397 465 443 confinia
493 397 700 442 hostium
733 394 865 439 terris
883 431 894 453 ,
933 409 1030 439 sese
1058 392 1361 454 militiamque
1392 411 1523 441 suam
1547 410 1662 440 con-

260 475 411 520 tinuit.

326 555 441 595 (Iuni
468 565 578 594 vero
609 546 881 610 aliquandiu
912 546 1097 591 Austriae.
1127 544 1221 590 dux
1254 561 1363 590 cum
1391 546 1484 591 suis
1518 546 1665 610 copiis

261 628 307 672 in
335 627 494 672 castris
523 633 833 687 exspectasset
860 624 897 668 si
933 639 1010 668 rex
1042 622 1230 685 copiam
1259 622 1369 683 justi
1401 623 1666 668 certaminis

262 705 411 749 facere
432 703 585 761 vellet,
610 711 653 746 et
677 702 737 747 ad
754 698 1101 746 conserendum
1123 698 1343 761 proelium
1361 697 1662 758 descendere,

263 795 414 843 neque
438 780 487 825 id
508 779 739 825 facturum
765 795 813 824 se
835 777 953 824 velle
980 777 1210 822 ullatenus
1242 775 1492 830 indicaret,
1526 775 1667 820 inter-

262 855 577 902 mediantibus
610 855 849 901 nonnullis
879 870 935 901 ex
970 863 1166 915 utraque
1193 853 1399 916 partium
1431 851 1669 898 nobilibus

262 944 307 979 et
344 933 484 980 bouis
519 934 654 990 viriS,
684 949 838 979 sermo
868 931 927 978 de
962 930 1178 977 ineundis
1207 941 1346 993 atque
1381 930 1670 993 paciscendis

262 1010 434 1071 treugis
465 1009 672 1057 habitus.
700 1011 887 1054 Etcum
912 1008 1034 1053 ultro
1058 1008 1296 1070 citroque,
1329 1023 1386 1052 eo
1415 1006 1545 1068 quod
1575 1007 1671 1069 agri

264 1087 504 1149 utriusque
539 1087 699 1132 limitis
727 1085 891 1130 inculti
919 1084 1194 1146 colonisque
1229 1083 1399 1130 deserti
1422 1083 1666 1144 jacebant,

264 1175 539 1225 urgerentur
570 1163 844 1209 victualium
882 1171 1022 1224 atque
1048 1178 1249 1207 annona:
1272 1161 1494 1224 penuria,
1521 1159 1579 1206 ad
1606 1160 1672 1206 sa-

265 1241 455 1287 ciendas
486 1251 671 1302 treugas
706 1239 898 1285 annales
926 1238 1178 1283 detentum
1211 1246 1305 1296 est,
1340 1253 1449 1282 cum
1486 1236 1672 1282 licentia

266 1318 664 1363 commerciorum
690 1325 811 1361 terra
842 1315 1054 1376 marique
1078 1313 1248 1372 libere,
1274 1313 1365 1359 hac
1388 1322 1527 1375 atque
1547 1312 1669 1371 illac,

266 1393 532 1439 fiendorum
556 1403 695 1455 atque
721 1391 1106 1437 exercendorum.

331 1473 443 1527 Qua*
466 1481 645 1531 treuga,
663 1486 771 1514 cum
798 1471 985 1532 prarter¹
1006 1468 1358 1529 Flamingorum
1380 1467 1673 1528 aliorumque

267 1546 399 1592 ducis
432 1546 731 1592 subditorum
763 1561 1046 1591 consensum
1082 1544 1201 1590 facta
1222 1553 1268 1589 et
1291 1543 1476 1589 firmata
1498 1542 1670 1600 fuisset,

267 1623 443 1669 eisdem
470 1624 605 1669 valde
628 1623 867 1686 displicuit
889 1632 932 1668 et
958 1621 1224 1667 inimicitias
1249 1636 1410 1681 graves
1432 1630 1478 1665 et
1494 1620 1674 1683 pericu-

268 1701 389 1746 losas
421 1700 644 1745 adversus
680 1716 791 1758 eos,
833 1700 913 1761 qui
942 1714 1046 1744 eam
1082 1697 1337 1755 cuderam,
1380 1697 1522 1742 totius
1550 1696 1675 1757 vulgi

270 1781 301 1823 F
304 1778 493 1824 landriac
521 1777 812 1839 aliarumque
838 1787 1067 1822 terrarum
1097 1774 1229 1821 ducis
1260 1773 1504 1832 accendit3
1538 1774 1600 1819 ita
1627 1783 1676 1818 ut

270 1856 356 1918 ipsi
388 1856 469 1918 qui
499 1854 689 1901 easdem
715 1862 1026 1899 tractarerant
1049 1862 1094 1897 et
1119 1851 1442 1910 confecerant,
1467 1859 1676 1914 postmo-

271 1931 384 1976 dum
403 1971 414 1987 ,
444 1949 541 1978 non
568 1931 652 1978 abs
683 1947 755 1989 re,
791 1932 914 1976 intra
949 1929 1203 1991 insigniora
1227 1928 1412 1973 illarum
1447 1936 1674 1972 terrarum

273 2009 447 2071 oppida
474 2026 521 2054 se
556 2009 766 2054 invenire
795 2006 1123 2053 formidarunt.
1162 2005 1396 2067 Praecipue
1426 2018 1537 2048 vero
1567 2003 1677 2065 ipsis

272 2084 548 2148 displicebat
581 2085 711 2146 quod
739 2089 1056 2130 Tornacenses
1090 2082 1300 2144 ejusdem
1335 2091 1502 2141 treuga>
1536 2080 1678 2125 bene-

275 2162 381 2207 ficio
416 2162 695 2224 potirentur,
734 2178 791 2207 eo
825 2160 955 2223 quod
991 2160 1159 2206 milites
1202 2162 1515 2215 Francorum,
1559 2174 1678 2219 quos

237 2279 242 2286 .
275 2238 390 2283 inibi
430 2254 507 2283 rex
540 2239 779 2300 superiore
804 2254 932 2284 anno
969 2253 1055 2300 pro
1097 2234 1312 2298 praesidio
1348 2234 1547 2292 locarat,
1585 2234 1678 2278 suis

276 2313 623 2360 incursionibus
672 2315 806 2360 terris
842 2314 1007 2359 vicinis
1056 2310 1280 2357 Flandriw
1323 2320 1368 2356 et
1419 2310 1678 2355 Hannoniae

277 2403 415 2453 atque
447 2390 786 2449 lnsulensibus,
823 2390 1052 2436 incendiis
1090 2398 1136 2433 et
1168 2387 1334 2450 pra‘dis
1366 2386 1540 2433 (lamna
1575 2386 1678 2449 plu-

277 2469 393 2513 rima
416 2468 693 2513 intulissent.
720 2467 853 2513 [nde
880 2466 1012 2511 initio
1036 2475 1332 2526 treugarum,
1359 2480 1460 2525 qna}
1481 2462 1678 2509 inchoa-

277 2544 392 2590 bant
440 2543 514 2588 die
563 2560 607 2588 x1
653 2544 823 2589 mensis
863 2543 993 2604 julii,
1042 2557 1167 2587 3000
1215 2555 1539 2586 MCCCCLXXVIII
1563 2542 1591 2598 ²,
1630 2540 1675 2584 in

334 2658 368 2691 l.
395 2659 550 2704 Propter
568 2655 661 2691 dans
680 2654 714 2690 le
735 2668 804 2690 ms.

336 2721 372 2753 2.
405 2718 596 2763 L'auteur,
626 2717 718 2753 dans
739 2725 815 2753 tout
846 2729 888 2752 cc
917 2728 1090 2765 passage,
1116 2713 1280 2751 confond
1302 2713 1400 2749 deux
1422 2714 1560 2750 treves.
1581 2711 1680 2749 Celle
