1875 2956
268 234 314 269 40
630 231 852 268 HISTORIA
859 230 965 265 RUM
995 230 1226 267 LUDOVICI
1255 233 1308 267 XI

267 322 363 383 agri
388 321 546 366 inculti
582 318 802 381 jacebant
833 334 841 361 :
866 316 992 362 unde
1012 331 1199 362 necesse
1234 330 1329 364 erat
1358 320 1417 365 ad
1451 320 1667 382 hujusce-

270 399 396 445 modi
422 399 636 444 locorum
662 395 973 440 munitionem
1009 404 1052 439 et
1086 396 1400 457 provisionem
1437 398 1635 443 militum
1653 433 1664 454 ‚

268 476 345 537 qui
369 475 460 520 illic
483 473 626 519 relicti
655 480 810 527 erant,
845 469 903 515 de
944 470 1276 515 remotioribus
1303 473 1553 534 proxinciis
1580 474 1671 518 vic-

269 552 409 597 tualia
440 550 690 614 provideri.
720 551 833 605 Qua*
858 564 928 594 res
966 548 1333 611 provincialibus
1369 550 1501 610 regia*
1532 550 1669 596 ditio-

270 630 357 685 nis,
385 628 484 673 aliis
510 625 810 689 superaddita
833 625 1112 686 graxissimis
1140 625 1445 669 collationum
1467 635 1513 669 et
1531 627 1671 671 servi-

270 707 442 750 tiorum
464 703 704 759 oneribus,
737 718 833 747 non
858 718 1005 765 parvo
1032 703 1162 747 oneri
1198 712 1336 764 atque
1370 702 1672 748 incommodo

271 781 407 825 fuisse
431 779 681 826 ferebatur.

337 859 428 905 Sed
467 877 575 906 cum
625 861 688 906 ita
730 858 915 905 hiberni
958 858 1134 921 absque
1182 859 1340 903 castris
1379 857 1679 904 decurrerent

273 954 482 994 menses,
529 939 576 984 in
613 937 822 983 hibernis
858 938 1077 998 utrinque
1121 935 1345 982 militibus
1389 935 1674 996 distributis,

276 1026 471 1062 conatus
490 1032 687 1077 magnus
707 1014 1039 1062 intendebatur
1054 1030 1138 1078 per
1160 1015 1542 1074 Maximilianum,
1572 1018 1680 1060 Aus-

275 1094 370 1139 tria>
399 1094 569 1139 ducem
588 1131 599 1153 ,
637 1103 682 1138 et
712 1094 978 1154 Flamingos
1000 1130 1012 1152 ,
1044 1102 1120 1151 ut,
1149 1091 1521 1137 Tornacensibus
1550 1093 1677 1138 omni

278 1171 494 1217 facultate
517 1170 699 1217 sublata
733 1187 933 1217 annona·
959 1170 1017 1215 de
1051 1169 1160 1215 foris
1182 1169 1498 1229 advehendoe,
1523 1170 1682 1216 civitas

278 1249 401 1310 ipsa,
438 1247 498 1293 ad
533 1257 789 1293 extremam
816 1257 979 1295 coacta
1011 1247 1282 1310 penuriam,
1317 1246 1628 1293 defectionem
1657 1264 1684 1293 a

279 1340 385 1385 rege
406 1324 576 1369 faceret
595 1334 637 1369 et
664 1323 859 1370 subiret¹
884 1324 1032 1385 leges,
1052 1323 1213 1386 quales
1235 1324 1300 1369 eis
1322 1323 1476 1369 eidem
1499 1325 1684 1370 Austriae

280 1399 389 1446 duci
409 1410 455 1445 et
473 1401 566 1446 suis
589 1401 700 1447 dare
723 1400 947 1447 libuisset.
980 1403 1035 1446 Et
1060 1399 1252 1463 quidem
1266 1439 1278 1455 ‚
1316 1410 1366 1445 ut
1388 1400 1550 1446 durius
1572 1418 1684 1447 con-

280 1478 633 1540 stringerentur,
656 1488 701 1523 et
723 1479 857 1523 citius
882 1476 942 1523 ad
968 1493 1104 1522 suum
1133 1476 1417 1521 desiderium
1439 1476 1685 1540 perficien-

281 1554 395 1600 dum
425 1554 550 1600 idem
581 1555 675 1599 dux
705 1555 948 1618 perxenire
980 1563 1157 1617 posset,
1189 1554 1438 1599 contractis
1477 1555 1686 1618 undique

280 1631 428 1693 copiis
473 1641 569 1677 tam
608 1632 957 1692 Flamingorum
996 1647 1138 1693 quam
1188 1633 1561 1691 Germanorum,
1607 1635 1687 1695 qui

282 1707 491 1769 quotidie
517 1723 572 1752 ex
603 1709 841 1770 superiore
865 1708 1117 1753 Germania
1150 1707 1210 1752 ad
1238 1723 1369 1752 suam
1393 1708 1660 1771 servitutem
1676 1712 1689 1733 ²

282 1784 417 1846 eique
449 1784 674 1829 auxilium
701 1784 947 1829 ferendum
978 1800 1062 1846 per
1085 1793 1261 1829 turmas
1282 1783 1566 1831 descendere
1590 1803 1687 1832 non

283 1859 550 1920 cessabant,
586 1862 695 1907 exiit
728 1862 775 1906 in
803 1877 938 1922 agros
968 1862 1311 1920 Toruaeenses,
1338 1861 1468 1907 villas
1495 1863 1689 1908 circum-

284 1954 470 2001 quaque
500 1940 739 1986 universas
769 1939 988 1985 incendio
1018 1949 1061 1986 et
1092 1939 1266 2002 rapinis
1293 1950 1562 2001 pervastans
1583 1977 1594 1999 ,
1627 1942 1689 1986 ita

285 2026 336 2061 ut
374 2033 461 2062 nec
504 2017 673 2062 domus
714 2019 760 2062 in
805 2017 884 2062 illo
916 2017 1149 2062 territorio
1193 2017 1473 2062 Tornacensi
1519 2017 1689 2063 intaeta

284 2094 558 2139 remansisse
589 2093 837 2139 diceretur.

350 2171 457 2226 Quo
491 2169 638 2228 sacto,
683 2171 749 2215 sie
788 2170 1023 2233 populatis
1053 2179 1098 2215 et
1139 2170 1325 2216 vastatis
1365 2169 1689 2230 hujuscemodi

286 2246 429 2309 agris,
453 2246 510 2291 ad
532 2248 723 2309 propria
746 2247 907 2305 rediit3
929 2247 1010 2293 sed
1030 2264 1116 2293 nec
1137 2247 1200 2291 sie
1225 2256 1405 2292 tantum
1432 2262 1512 2291 eos
1535 2262 1692 2292 coarc-

285 2333 383 2369 tare
412 2323 588 2385 potuit,
621 2333 671 2368 ut
698 2324 757 2368 ad
784 2323 980 2369 civitatis
1009 2323 1321 2379 deditionem,
1355 2323 1414 2368 ad
1449 2339 1591 2385 quam
1622 2325 1690 2368 in-

286 2399 537 2458 tendebat,
566 2400 808 2462 pervenire
832 2401 1057 2462 potuerit3
1084 2410 1130 2446 et
1153 2400 1257 2444 licet
1282 2400 1427 2445 multa
1454 2415 1537 2462 per
1562 2400 1692 2446 Flan-

286 2477 437 2523 driam
454 2477 500 2522 in
521 2477 661 2537 vulgo
681 2476 983 2538 jactarentur,
1007 2477 1136 2539 quod
1159 2493 1185 2522 a
1206 2478 1392 2522 Francis
1413 2477 1471 2522 de
1491 2494 1691 2523 annonae

288 2553 555 2600 necessaria¹
591 2553 865 2599 advectione
900 2554 1071 2600 civitati
1096 2550 1332 2599 subveniri
1358 2553 1490 2617 [non]
1510 2564 1687 2617 posset,

342 2657 378 2691 1.
411 2657 560 2701 Fas-ere,
577 2654 699 2691 subire
721 2654 813 2691 <lans
833 2655 867 2691 le
887 2668 956 2691 nis.

342 2719 379 2754 2.
411 2717 584 2765 Corrigez
603 2719 657 2752 ud
672 2731 776 2753 saum
797 2722 996 2755 servitium.
