1875 2956
256 271 329 307 340
819 265 1066 301 APOLOGIA
1079 291 1088 308 ‚

256 354 303 399 in
327 353 525 416 patriam
551 362 596 397 et
623 352 861 415 proximos
891 351 1092 396 maxime
1115 358 1160 394 et
1178 349 1413 411 potissime
1438 348 1653 395 manifes-

255 439 394 489 tatur,
442 445 611 491 quam,
656 437 768 472 teste
810 427 1020 482 veritate,
1067 424 1292 486 majorem
1333 441 1471 470 nemo
1511 423 1652 470 habet

254 523 396 569 quam
421 515 469 550 ut
493 506 699 552 animam
723 513 870 567 ponat
891 519 978 566 pro
1004 502 1164 547 amieis
1188 501 1297 546 suis.

316 586 401 627 Pro
438 582 515 626 tali
551 582 689 642 igitur
720 580 844 639 zelo,
879 589 923 624 et
960 588 1010 624 ut
1040 579 1231 641 piorum
1263 585 1483 622 votorum
1514 587 1652 639 atque

249 659 589 705 desideriorum
635 659 898 703 fructuosus
942 665 1212 718 sequeretur
1250 654 1468 708 effectus,
1514 655 1651 699 etiam

246 746 518 781 constanter
551 753 722 781 munus
764 734 1007 795 legationis
1046 749 1133 795 pro
1171 731 1361 795 praefato
1402 730 1520 790 regis
1553 746 1652 791 ger—

246 828 387 858 mano
421 812 583 874 (quem
618 829 697 858 rex
737 811 905 857 ducem
946 810 1213 873 praefecerat
1244 807 1558 864 Normanniae,
1605 817 1654 851 ut

242 906 382 952 supra
410 890 692 946 retulimus¹,
721 899 765 934 et
796 899 846 934 ut
869 889 934 947 ei,
964 898 1190 949 tanquam
1223 885 1408 931 sibimet
1440 894 1486 930 et
1513 884 1653 930 veluti

242 983 406 1013 eorum
428 967 636 1028 legitimo
662 966 787 1023 duci,
808 975 1027 1029 parerent
1052 963 1274 1009 omnibus
1290 961 1655 1026 provincialibus

243 1043 574 1100 mandaverat,
613 1042 805 1088 eosdem
844 1041 1092 1087 absolvens
1123 1040 1183 1086 ab
1227 1040 1358 1085 omni
1389 1039 1654 1100 juramento

243 1119 444 1165 hominii
468 1129 514 1165 et
542 1119 774 1164 fidelitatis
793 1154 804 1176 ‚
834 1135 938 1181 quae
963 1117 1052 1163 sibi
1084 1126 1276 1181 perante
1310 1115 1653 1179 praestitissent)

242 1197 301 1243 ad
334 1198 533 1244 illustres
569 1196 961 1259 Burgundionum
993 1195 1252 1259 principes,
1283 1193 1555 1256 Philippum
1579 1208 1655 1256 pa-

242 1284 360 1320 trem
392 1285 437 1321 et
460 1275 559 1337 ejus
583 1274 731 1320 filium
766 1274 1017 1332 Karolum,
1044 1272 1213 1318 ducem
1250 1271 1556 1329 modernum,
1584 1286 1652 1315 as-

241 1352 541 1414 sumpsimus.
592 1353 736 1414 Cujus
777 1360 999 1414 susceptae
1044 1349 1289 1410 legationis
1331 1348 1445 1393 dum
1483 1363 1655 1393 munus

241 1428 429 1488 exsequi
471 1444 582 1474 cum
617 1428 748 1474 omni
775 1426 867 1472 fide
902 1443 955 1473 ae
991 1426 1231 1488 diligentia
1269 1440 1565 1483 curaremus,
1605 1433 1655 1469 ut

241 1519 382 1566 supra
404 1504 539 1549 latius
561 1504 893 1562 narravimus&
924 1520 951 1549 a
979 1520 1086 1564 rege
1118 1503 1244 1548 idem
1267 1519 1377 1547 suus
1407 1517 1655 1564 germanus

245 1581 534 1626 Normannia
560 1581 722 1644 pulsus
737 1590 782 1625 et
803 1581 976 1641 ejectus
1000 1580 1109 1637 fuit3
1130 1590 1174 1625 et
1193 1578 1392 1624 subinde
1414 1595 1439 1624 e
1464 1578 1655 1639 vestigio

243 1666 408 1702 contra
449 1657 654 1716 multos,
693 1656 774 1718 qui
808 1656 1011 1702 fautores
1054 1656 1095 1701 ei
1135 1656 1404 1700 exstiterant
1450 1655 1522 1700 vel
1567 1670 1656 1700 ser-

243 1733 439 1789 vierant,
468 1733 597 1777 furor
619 1742 663 1777 et
683 1731 837 1777 rabies
862 1733 1200 1795 persecutionis
1221 1731 1480 1777 incanduit.
1500 1733 1654 1786 Quam

244 1819 367 1855 certe
391 1826 488 1854 non
508 1809 743 1854 immerito
762 1817 1039 1868 metuentes,
1066 1809 1280 1871 proprias
1298 1808 1428 1853 sedes
1448 1818 1655 1870 repetere

246 1886 526 1945 distulimus,
552 1886 706 1932 donec
730 1886 923 1931 remisso
954 1896 999 1931 et
1024 1895 1285 1949 temperato
1312 1894 1566 1945 utcumque
1591 1885 1656 1930 fu-

248 1979 352 2008 rore
371 2001 382 2023 ,
410 1963 680 2009 securitates
705 1973 749 2008 et
778 1962 1060 2009 abolitiones
1091 1962 1384 2025 amplissima*
1408 1961 1569 2007 edictis
1588 1978 1657 2007 re-

249 2041 428 2102 galibus
449 2058 532 2104 per
555 2052 706 2087 totum
734 2058 929 2103 regnum
950 2040 1196 2104 publicata*
1220 2041 1508 2086 exstiterunt.

316 2120 404 2165 Ubi
420 2129 576 2165 autem
593 2119 752 2164 sedem
774 2121 1019 2182 ipsamque
1039 2119 1282 2164 ecclesiam
1300 2127 1507 2163 nostram
1524 2133 1655 2180 repea

250 2206 346 2242 tere
372 2196 682 2253 decrevimus,
711 2196 770 2241 de
788 2196 1058 2258 hujusmodi
1084 2196 1239 2257 gratiis
1263 2204 1308 2239 et
1331 2193 1653 2239 securitatibus

249 2273 441 2331 conlisi,
483 2289 569 2318 nec
610 2273 849 2319 dioecesim
891 2273 1097 2334 ingredi,
1144 2289 1229 2317 nee
1277 2271 1422 2315 ullum
1465 2271 1511 2315 in
1554 2281 1653 2316 toto

248 2366 393 2411 regno
428 2348 673 2394 latibulum
699 2350 757 2395 ad
786 2349 1079 2410 degendum,
1109 2349 1212 2394 ullis
1232 2347 1449 2411 precibus
1472 2357 1550 2393 aut
1581 2348 1653 2392 in-

251 2424 621 2471 terventionibus
644 2442 724 2469 seu
748 2425 976 2485 suffragiis
998 2425 1258 2470 amicorum
1288 2425 1535 2487 impetrare
1567 2440 1653 2487 po-

250 2506 444 2560 tuimus;
473 2502 553 2547 sed
572 2502 839 2557 violentias,
874 2501 1131 2546 calumnias
1151 2511 1192 2546 et
1218 2500 1376 2559 dolos,
1401 2500 1459 2546 de
1483 2500 1653 2562 quibus

303 2673 339 2708 1.
371 2670 583 2715 (Εἰ-(1058115,
611 2683 648 2720 p.
674 2671 763 2706 ⁶261.

303 2737 337 2771 τὶ.
372 2734 588 2779 (Ji-(lessus,
614 2748 649 2783 p.
674 2735 764 2770 271.
