1875 2956
235 220 282 255 :36
595 217 930 254 HISTORIARUM
959 219 1189 255 LUDOVICI
1218 221 1271 256 XI

237 317 516 354 mercatores
553 305 875 364 trucidarunt,
918 306 998 367 qui
1040 315 1171 350 erant
1212 322 1307 351 non
1349 324 1493 370 parvo
1537 325 1630 353 nu-

236 401 384 444 mero,
403 383 702 448 praedamque
720 398 893 441 rerum,
911 397 1028 443 quas
1049 381 1142 427 illic
1161 382 1455 444 invenerunt,
1474 402 1631 432 secum

235 461 535 509 advexerunt.
561 461 614 504 Et
622 495 633 517 ⁷
653 457 783 520 quod
801 458 938 503 nimis
956 457 1144 504 crudele
1167 467 1306 520 atque
1324 460 1633 507 inhumanum

236 539 431 597 exsistit,
470 537 610 582 etiam
638 551 724 580 nec
759 534 1050 593 mulieribus,
1079 551 1165 580 nec
1195 536 1350 598 pueris
1379 539 1634 600 pepercisse

235 615 518 662 ferebantur.

300 696 354 738 Et
378 707 486 737 cum
505 690 592 754 ipsi
612 690 775 736 Franci
798 688 1040 736 machinas
1068 688 1179 735 belli
1206 690 1348 753 ipsius
1369 690 1500 736 ducis
1529 707 1639 737 con-

236 769 521 832 quisiissent‚
563 782 672 812 cum
710 765 882 829 quibus
923 766 1063 812 etiam
1111 765 1332 812 adversus
1372 767 1640 829 Flamingos

236 861 334 891 sese
381 858 572 907 quoque
608 843 903 888 communire
937 842 1267 906 disponerent,
1323 844 1511 890 easdem
1556 845 1640 908 ipsi

237 921 488 983 Flamingi,
514 921 561 965 in
584 936 664 966 eos
693 929 799 984 post
824 920 1023 966 modum
1049 921 1294 980 irruentes,
1322 923 1447 967 caesis
1470 922 1541 968 vel
1572 922 1642 967 fu-

238 999 352 1060 gatis
387 996 617 1052 hostibus,
650 1007 1009 1061 recuperarunt,
1036 1007 1081 1042 ct
1116 997 1284 1057 dehis,
1316 1014 1419 1060 quae
1440 1001 1643 1045 Franco-

238 1092 342 1121 rum
375 1084 483 1121 ante
522 1073 728 1133 fuerant,
764 1073 922 1137 plures
963 1075 1295 1136 acquisierunt.
1340 1077 1453 1131 Quae
1488 1086 1643 1122 tamen

239 1167 348 1197 cum
370 1151 502 1213 equis
522 1149 689 1195 devehi
729 1158 870 1212 atque
908 1150 1141 1212 exportari
1165 1151 1340 1213 potuit,
1385 1152 1550 1196 Franci
1577 1168 1646 1196 se·

239 1245 347 1274 cum
364 1226 571 1291 praedam
603 1226 956 1288 tulerunt3quae
992 1225 1099 1271 satis
1117 1226 1341 1290 opulenta
1367 1225 1504 1273 fuisse
1524 1227 1647 1273 dice-

240 1305 392 1351 batur.

306 1379 413 1424 Tale
433 1380 589 1442 itaque
611 1385 848 1423 certamen
873 1385 918 1421 et
943 1375 1190 1422 conflictus
1210 1376 1293 1422 fuit
1310 1376 1441 1422 ducis
1463 1379 1649 1424 Austriae

243 1467 284 1502 et
311 1472 504 1502 suorum
540 1454 889 1515 Flamingorum
927 1469 1035 1499 cum
1062 1456 1350 1498 Francorum
1389 1455 1551 1517 copiis,
1586 1455 1650 1499 in-

243 1545 312 1580 ter
338 1534 574 1578 Morinum
619 1541 663 1577 et
687 1530 915 1594 oppidum
954 1528 1208 1585 Hesclc‘ncle,
1249 1546 1408 1575 mense
1448 1533 1646 1592 augusti,

245 1626 372 1656 anno
387 1609 579 1655 Domini
598 1623 903 1654 MCCCCLXXIX.
923 1609 979 1651 Et
993 1606 1213 1651 dormivit
1226 1606 1304 1652 illa
1323 1616 1461 1652 nocte
1485 1608 1650 1670 (usque

246 1685 305 1732 ad
333 1700 476 1747 quam
509 1683 783 1727 dimicatum
812 1680 904 1741 est)
934 1680 1059 1726 idem
1087 1680 1181 1725 dux
1206 1681 1393 1725 Austriae
1419 1682 1464 1726 in
1492 1684 1652 1728 castris

247 1767 551 1809 Francorum.
579 1761 648 1804 De
686 1757 886 1804 ducibus
917 1766 1073 1803 autem
1111 1757 1225 1802 nulli
1261 1760 1549 1803 Francorum
1586 1758 1650 1805 ibi

247 1839 470 1886 cecidisse
504 1836 733 1900 comperti
777 1845 906 1894 sunt,
946 1844 1112 1898 practer
1149 1833 1269 1879 duos
1309 1852 1317 1878 ε
1360 1851 1533 1895 unum,
1572 1837 1650 1899 qui

247 1927 347 1963 erat
374 1916 576 1961 ballivus
597 1912 1010 1972 Rothomagensis3
1034 1912 1150 1957 alter
1174 1921 1271 1957 crat
1293 1913 1653 1973 cognominatus

249 1998 308 2040 Le
337 1993 694 2053 Beazwoysz'en¹,
732 1991 1003 2054 capitaneus
1028 1999 1216 2035 centnm
1247 1989 1534 2035 lancearum.
1562 1992 1651 2036 Sed

250 2072 322 2117 ille
354 2069 570 2128 ballivus,
608 2068 968 2129 cognominatus
1005 2068 1186 2124 IVast²,
1216 2067 1261 2111 in
1293 2066 1458 2129 proelio
1493 2067 1652 2113 vulne-

250 2158 392 2204 ratus,
434 2147 547 2192 dum
593 2144 830 2191 curandus
866 2143 1214 2205 Rothomagum
1248 2143 1561 2200 reveheretur,
1606 2146 1651 2190 in

250 2223 545 2270 Abbatisvilla
583 2222 753 2268 obiisse
789 2220 1039 2267 ferebatur.
1079 2223 1182 2265 Non
1224 2219 1305 2264 fuit
1343 2229 1498 2265 autem
1542 2221 1655 2267 rela-

248 2313 346 2347 tum
391 2300 547 2363 quod,
589 2301 638 2345 in
678 2315 735 2344 eo
769 2298 1051 2351 certamine,
1096 2297 1320 2358 Flamingi
1364 2314 1418 2342 ex
1467 2299 1653 2343 Francis

301 2453 337 2489 1.
370 2454 421 2488 Le
453 2449 547 2486 bean
575 2452 648 2495 No)
661 2453 738 2484 sien
767 2448 859 2484 dans
887 2447 921 2483 le
947 2460 1015 2483 mS.
1042 2447 1175 2483 C'ctait
1200 2460 1250 2483 un
1281 2447 1400 2483 soldat
1428 2448 1474 2483 de
1503 2449 1653 2485 fortune

242 2512 395 2549 nomme
415 2511 552 2547 Martin
575 2510 694 2554 Petit,
731 2522 804 2558 quc
828 2508 941 2544 Louis
965 2509 1022 2544 XI
1047 2508 1146 2543 avait
1173 2507 1300 2544 anobli
1327 2521 1374 2544 en
1405 2511 1521 2546 4467.
1555 2511 1649 2555 <Ar-

243 2576 371 2611 chin-es
402 2574 447 2610 de
476 2573 613 2623 l'Emp.
642 2574 735 2622 ch.
764 2573 798 2607 J.
835 2572 933 2613 104,
961 2569 1068 2619 pic-ce
1096 2572 1204 2616 372.)
1231 2570 1382 2607 Molinct
1414 2571 1588 2621 Fappelle
1618 2572 1651 2607 le

243 2637 428 2687 capitaine
451 2635 669 2685 Argenterel
692 2650 697 2671 :
723 2634 809 2670 c'est
832 2633 864 2669 lii
893 2645 977 2668 sans
998 2632 1111 2669 doute
1131 2646 1180 2669 un
1201 2646 1289 2669 nom
1310 2633 1356 2669 de
1376 2646 1524 2683 guerre.

297 2703 333 2738 -2.
366 2703 482 2744 Jcan,
511 2699 563 2735 dit
593 2701 758 2742 Houast,
786 2696 832 2732 de
857 2696 1152 2745 Montcspedon‚
1181 2696 1354 2745 seigneur
1381 2696 1427 2732 de
1449 2696 1646 2732 Beauvoir.
