1875 2956
291 252 365 287 25⁴2·
842 252 1088 288 APOLOGIA
1103 281 1111 297 ‚

292 339 432 399 (ultra
453 356 508 385 ea
539 356 639 402 quau
672 339 933 400 retulimus)
971 340 1226 400 gravissimi
1257 342 1478 402 ponderis
1510 344 1687 389 censeri

290 415 446 474 debet,
468 433 575 461 cum
602 432 708 460 eum
736 414 904 460 talibus
921 415 1210 475 indulgentia
1228 425 1272 460 et
1295 417 1528 464 favoribus
1552 420 1688 464 fuisse

290 493 349 539 al)
393 493 555 539 illustri
611 492 997 554 Burgundionum
1038 492 1157 537 duce
1203 503 1446 556 exceptum
1492 497 1689 557 genitori

289 570 387 631 ejus
418 571 511 631 regi
551 571 750 615 maxime
788 579 833 614 et
868 585 998 632 pzene
1032 568 1386 631 implacabiliter
1429 570 1691 633 displiceret

288 657 334 692 et
367 647 465 708 ejus
501 648 852 707 magnanimum
885 647 1095 692 animum
1126 645 1426 691 vehementer
1459 647 1684 708 inureret,

286 734 425 785 atque
440 723 499 768 ad
522 724 683 768 odium
704 734 748 769 et
768 723 1023 768 vindictam
1045 722 1264 768 adversus
1286 722 1504 768 eumdem
1522 723 1688 770 ducem

288 799 588 859 accenderet,
615 811 893 846 nontamen
925 800 1080 846 adhuc
1111 800 1265 862 ipsum
1295 799 1420 844 idem
1452 799 1546 844 dux
1580 805 1688 847 Bur-

288 876 470 938 gundiar
486 912 497 934 ,
520 875 628 920 licet
650 893 747 921 non
774 876 950 937 absque
975 877 1115 921 totius
1138 877 1205 922 sui
1231 886 1375 922 status
1397 875 1684 938 discrimine,

287 953 413 1015 apud
436 969 482 997 se
505 953 553 997 in
589 953 718 997 omni
754 969 862 998 eum
899 953 1082 998 honore
1114 963 1160 998 et
1198 952 1493 998 observantia
1517 952 1689 1000 habere

287 1031 475 1076 destitit.
517 1032 573 1074 Et
602 1040 866 1093 postremo,
904 1031 1111 1091 genitore
1149 1031 1289 1075 etiam
1326 1030 1424 1092 ejus
1456 1045 1560 1091 rege
1598 1031 1690 1076 vita

289 1107 464 1165 functo,
495 1123 603 1151 cum
626 1107 783 1170 plures
802 1122 854 1150 ex
876 1105 1172 1167 magnatibus
1196 1116 1241 1151 et
1266 1105 1540 1170 proceribus
1562 1108 1690 1168 regni

286 1184 429 1228 alium
453 1183 512 1228 ad
537 1183 754 1229 diadema
774 1183 954 1243 regium
975 1183 1208 1244 surrogari
1227 1194 1271 1228 et
1290 1183 1521 1241 substitui,
1548 1200 1690 1246 quam

286 1260 466 1322 ipsum,
500 1260 725 1305 Karolum
758 1260 973 1305 x'idelicet
998 1276 1273 1321 germanum
1304 1260 1523 1306 libentius
1554 1261 1691 1307 vidis-

286 1346 403 1396 sent,
432 1336 681 1381 formidine
704 1346 842 1398 atque
863 1345 992 1381 metu
1010 1337 1227 1399 potentiae
1251 1347 1297 1382 et
1317 1338 1485 1382 virium
1506 1354 1689 1383 eorum-

286 1413 394 1458 (lein
440 1415 687 1459 illustrium
728 1414 997 1477 principum
1042 1414 1429 1475 Burgundionum
1466 1417 1686 1478 repressi,

288 1506 451 1534 omnes
498 1490 840 1548 conticuerunt,
896 1499 941 1534 et
986 1490 1184 1552 pacifico
1229 1501 1274 1536 et
1319 1493 1477 1554 quieto
1530 1493 1688 1537 animo

286 1564 462 1622 eidem,
496 1575 721 1627 tanquam
755 1582 840 1610 suo
871 1565 991 1626 regi,
1030 1581 1191 1627 parere
1228 1575 1366 1628 atque
1391 1567 1583 1612 obedire
1606 1584 1689 1613 cu-

287 1651 448 1687 rarunt
467 1646 493 1687 ¹.

768 1809 1102 1854 CAPITULUM
1138 1810 1214 1853 lV.

735 1926 785 1958 De
808 1925 929 1959 eadem
950 1925 1067 1959 adhuc
1087 1926 1243 1959 materia.

352 2049 482 2092 Hanc
517 2047 670 2108 itaque
692 2056 870 2092 tantam
904 2047 1045 2092 totius
1078 2047 1207 2108 regni
1238 2048 1549 2110 pacationem,
1581 2046 1689 2092 sub-

287 2122 380 2167 lato
415 2123 493 2167 illo
523 2123 679 2168 medio
711 2123 884 2185 pariete
911 2124 1077 2168 veteris
1101 2123 1349 2169 inimicitiae
1372 2124 1492 2167 inter
1515 2123 1688 2183 regiam

289 2199 483 2244 domum
516 2210 558 2244 et
588 2199 776 2244 illustris
815 2200 1201 2259 Burgundionum
1228 2200 1379 2255 ducis,
1414 2199 1493 2261 qui
1523 2199 1689 2244 unitati

288 2286 333 2320 et
367 2275 630 2321 concordiae
663 2276 803 2320 totius
844 2276 1158 2320 illustrissimae
1197 2279 1483 2322 Francorum
1520 2275 1689 2321 (lomus

289 2352 413 2397 solus
435 2352 573 2414 paulo
597 2362 702 2396 ante
726 2350 948 2396 obsistere
967 2350 1227 2406 videbatur,
1255 2361 1362 2396 ante
1389 2351 1551 2396 oculos
1578 2352 1687 2395 novi

291 2445 401 2479 tunc
431 2435 548 2495 regis
582 2434 890 2487 adducentes,
924 2431 1008 2477 sibi
1043 2432 1201 2477 libello
1233 2432 1468 2477 antedicto
1493 2432 1688 2477 suadere

291 2511 571 2569 nitebamur,
603 2511 794 2555 minime
830 2520 930 2554 tum
965 2525 1083 2572 opus
1121 2508 1218 2553 fore
1253 2509 1382 2571 quod
1419 2519 1595 2554 tantam
1629 2509 1688 2554 ad

291 2588 520 2652 stipendia
549 2587 786 2633 ordinaria
820 2586 1031 2632 militiam
1060 2586 1305 2643 retineret,
1331 2587 1523 2631 minime
1549 2586 1688 2631 etiam

353 2730 384 2764 l.
416 2728 471 2763 Cs.
497 2724 659 2762 Histoire
678 2724 726 2760 du
748 2725 862 2773 regne
883 2724 928 2759 (le
946 2724 1057 2760 Louis
1076 2726 1152 2769 XI,
1177 2724 1201 2760 l.
1229 2727 1241 2760 Ι
1261 2753 1270 2770 ,
1290 2737 1324 2762 e.
1344 2738 1371 2761 1.
