1875 2956
714 188 849 223 LIBER
879 187 1072 222 SEXTUS.
1540 192 1585 224 47

194 272 342 333 tibus)
376 274 422 318 in
462 291 607 320 unum
641 291 736 321 non
773 271 1170 320 concordantibus
1191 309 1202 325 ‚
1241 272 1369 315 nullo
1394 274 1512 317 inter
1542 292 1588 320 se

194 358 387 394 tractatu
428 350 588 396 habito
627 367 712 397 nec
739 366 819 413 spe
848 350 1003 410 aliqua
1032 347 1090 392 de
1131 346 1322 391 ulterius
1356 348 1400 390 in
1441 364 1588 393 unum

192 426 408 471 coeundo
436 427 610 486 relicta,
642 427 857 488 uterque¹
883 424 943 469 ad
963 423 1153 486 propria
1183 422 1437 467 redierunt.

257 504 464 548 Durante
498 521 609 549 vero
637 504 789 548 hieme
812 538 822 558 ,
849 516 984 556 cum,
1014 499 1079 544 uti
1112 499 1341 554 diximus,
1370 499 1491 544 ultro
1525 501 1590 545 ci-

194 586 358 639 troque
376 615 386 635 ,
411 588 533 626 terra
556 580 790 641 marique,
816 587 987 639 treugae
1009 575 1239 638 pericula,
1267 575 1524 621 calumnias
1546 586 1591 621 et

191 652 327 698 dolos
365 664 648 717 paterentur,
684 653 976 698 incursiones
1014 651 1154 696 etiam
1190 667 1272 713 per
1306 660 1450 696 terras
1475 651 1592 696 limi-

192 739 350 776 taneas
373 731 469 775 fieri
490 748 584 775 non
610 731 952 786 omitterentur,
981 727 1257 789 navigiaque
1276 737 1590 773 mercatorum

189 822 216 851 a
241 807 554 853 Hollandrinis
583 807 835 869 praesertim
860 803 1115 866 aliquando
1146 804 1220 849 vel
1245 804 1491 863 violentia,
1519 804 1589 849 vel

190 883 350 929 fraude
373 884 758 947 interciperentur
791 892 836 928 et
863 881 1228 939 abducerentur,
1258 897 1443 943 semper
1468 897 1590 943 pau-

191 960 314 1004 latim
329 996 341 1018 ,
370 961 516 1022 magis
538 976 592 1006 ac
615 960 777 1022 magis,
804 958 1048 1004 inimicitia
1072 967 1118 1003 et
1145 957 1255 1003 odia
1277 957 1587 1020 augebantur,

186 1046 231 1080 et
257 1037 562 1099 periculosius
587 1036 797 1099 quotidie
820 1034 961 1081 flebat
983 1050 1031 1079 se
1050 1034 1222 1096 treugis
1239 1034 1429 1079 credere
1452 1045 1591 1098 atque

187 1114 496 1160 committere.
559 1113 691 1159 Unde
731 1113 838 1159 satis
884 1121 1159 1157 contuentes
1206 1110 1379 1156 subditi
1424 1110 1556 1156 ducis
1574 1146 1586 1169 ,

186 1198 416 1236 transacta
439 1191 617 1245 hieme,
644 1205 830 1235 necesse
849 1188 1023 1234 habere
1047 1188 1106 1234 ad
1129 1204 1260 1233 arma
1286 1187 1455 1245 redire,
1480 1204 1588 1232 curn

189 1265 314 1312 nulla
344 1276 553 1312 maneret
585 1283 688 1329 spes
717 1266 775 1311 de
799 1266 958 1327 aliquo
986 1265 1176 1310 ulterius
1205 1273 1470 1320 conventu,
1503 1280 1588 1326 pro

186 1342 426 1388 tractanda
469 1358 583 1405 pace
624 1341 931 1396 celebrando,
974 1356 1061 1386 nec
1097 1341 1155 1385 de
1193 1339 1365 1399 treugis
1402 1339 1450 1382 in
1494 1355 1590 1384 me-

183 1418 351 1463 liorem
375 1428 545 1464 statum
569 1428 613 1463 et
638 1418 1016 1463 observationem
1047 1415 1326 1474 sarciendis,
1355 1430 1470 1476 quas
1490 1415 1588 1461 die-

184 1502 316 1539 tenus
344 1495 553 1557 undique
577 1493 927 1555 cognoscebant
952 1493 1133 1551 violari,
1166 1502 1510 1554 congregarunt
1541 1509 1588 1538 se

182 1572 334 1617 Status
358 1572 572 1617 omnium
596 1572 850 1634 patriarum
875 1569 1007 1615 ducis
1029 1569 1157 1632 apud
1176 1568 1406 1631 oppidum
1421 1572 1588 1614 Terre-

183 1648 411 1707 mundae²,
444 1648 546 1711 ipso
570 1648 709 1693 etiam
736 1648 854 1693 duce
886 1663 994 1692 cum
1023 1646 1220 1691 consilio
1241 1661 1326 1691 suo
1352 1646 1445 1690 illic
1470 1662 1585 1708 prae-

181 1734 324 1769 sente.

246 1802 337 1856 Qui
377 1818 485 1846 cum
522 1802 579 1846 de
612 1800 751 1847 rebus
783 1799 1145 1858 communibus,
1190 1797 1585 1844 concernentibus

180 1886 349 1921 statum
395 1877 625 1922 bellorum
662 1887 706 1922 et
740 1877 866 1939 pacis
903 1876 1175 1922 earumdem
1208 1885 1462 1931 terrarum,
1504 1875 1581 1919 diu

180 1954 300 1999 inter
323 1970 370 1999 se
395 1953 729 1999 deliberassent
746 1991 757 2012 ,
780 1954 825 1998 in
845 1970 898 1999 ea
922 1970 968 1998 se
991 1953 1294 1998 conclusione
1318 1951 1581 2008 firmarunt,

183 2040 252 2086 ut,
274 2047 360 2076 nec
380 2048 520 2093 super
539 2047 652 2093 pace
667 2068 677 2087 ,
706 2047 792 2075 nec
823 2047 962 2093 super
984 2030 1237 2093 prolixiore
1261 2038 1443 2089 treuga,
1475 2045 1582 2073 cuin

182 2124 284 2169 rege
324 2119 568 2155 tractatum
608 2125 813 2172 quaerere
854 2118 931 2153 aut
963 2108 1188 2153 sustinere
1233 2107 1424 2163 vellent,
1468 2107 1579 2160 nisi,

181 2188 383 2248 primum
407 2197 452 2232 et
475 2197 581 2233 ante
615 2188 773 2232 omnia
788 2224 798 2244 ,
830 2203 906 2231 rex
951 2202 1115 2231 omnes
1135 2194 1277 2230 terras
1300 2201 1391 2229 suae
1414 2184 1583 2246 princi-

179 2264 334 2324 pissae,
362 2280 477 2326 quas
504 2264 658 2309 eidem
682 2263 859 2309 ablatas
891 2262 951 2307 ab
985 2263 1087 2325 ipso
1124 2260 1390 2306 asserebant
1423 2261 1582 2321 inique

180 2349 223 2383 et
242 2341 409 2403 injuste
427 2378 436 2398 ,
462 2352 624 2386 eontra
649 2340 790 2386 fidem
808 2350 852 2385 et
868 2340 1034 2386 seriem
1052 2350 1319 2400 treugarum
1334 2338 1393 2384 ad
1408 2353 1579 2383 novem

233 2478 269 2511 1.
301 2478 424 2514 Plutot
444 2484 589 2527 utrique
609 2493 657 2516 ou
679 2484 863 2528 utrinque.

232 2535 268 2570 2.
300 2536 609 2575 Anachronisme.
631 2541 701 2574 Les
721 2539 813 2575 e'tats
838 2537 884 2574 de
901 2534 1115 2572 Termonde
1134 2535 1259 2571 furent
1293 2543 1399 2571 tenus
1418 2545 1464 2568 au
1486 2531 1579 2568 mois

181 2593 226 2629 de
249 2594 444 2634 decembre
473 2601 587 2637 1479.
615 2600 704 2636 Voir
728 2600 781 2635 les
807 2600 1012 2647 fragments
1039 2596 1215 2632 ‹l'Adrien
1242 2598 1310 2631 But
1339 2593 1484 2643 publies
1511 2606 1578 2643 par

181 2657 368 2702 Swertius,
391 2672 427 2706 p.
454 2661 539 2695 1022,
