1875 2956
251 229 324 263 258
817 228 1063 264 APOLOGIA
1076 255 1084 269 ‚

252 315 362 370 Nec,
389 314 518 376 quod
542 315 605 359 ita
628 314 872 375 egerimus,
901 313 1245 376 poenitudinem
1272 316 1330 361 de
1361 316 1452 362 hoc
1492 333 1648 378 gerere

250 407 513 454 possumus,
549 407 650 453 quse
684 390 742 435 (le
768 391 918 448 malis,
949 407 1046 436 non
1071 390 1211 435 bonis
1239 401 1306 436 est
1330 394 1550 456 operibus
1576 411 1647 440 as-

247 468 492 514 sumenda.
517 470 697 513 Testem
721 469 846 514 enim
870 468 1144 513 invocamus
1175 471 1326 513 Deum
1342 504 1353 526 ‚
1391 472 1519 533 quod
1555 473 1648 518 hoc

248 561 344 590 non
384 545 651 608 temporalis
688 545 804 591 lucri
839 554 919 591 aut
944 554 1137 590 terrenae
1163 544 1357 606 aliCuJus
1393 547 1649 594 affectionis

248 621 415 682 gratia,
442 622 523 668 sed
555 623 735 668 sincera
761 623 949 669 caritate
972 631 1166 686 propter
1190 622 1389 685 proximi
1423 624 1469 668 in
1497 627 1646 670 Deum

246 715 456 745 amorem
479 709 524 745 et
542 699 841 746 dilectionem
865 701 1136 763 agebamuS,
1157 700 1318 757 etiam,
1344 699 1411 745 uti
1427 699 1644 762 diximus,

245 775 304 821 ab
326 776 426 838 ipso
448 793 554 838 rege
578 778 783 840 requisiti
809 787 853 823 et
896 779 1062 840 rogati.
1095 781 1151 823 Et
1173 777 1321 823 multa
1343 777 1536 838 quidem
1560 779 1649 825 alia

242 852 290 897 in
305 852 472 898 eodem
495 853 654 900 libello
677 865 899 901 contenta
917 865 1051 901 erant
1073 863 1211 917 atque
1232 855 1404 899 inserta
1423 853 1483 899 ad
1506 852 1649 901 finem

243 929 555 991 persuadendi
581 930 641 976 ad
670 931 800 993 regni
823 941 866 976 et
891 932 1177 995 populorum
1204 930 1413 992 ejusdem
1437 929 1648 977 subleva·

242 1005 420 1052 tionem
451 1015 497 1051 et
517 1007 704 1071 justitiae
739 1007 940 1052 multum
974 1007 1162 1071 dilapsae
1192 1016 1239 1052 et
1266 1006 1476 1052 laceratae
1505 1006 1648 1053 refor-

242 1083 517 1143 mationem,
543 1093 595 1128 ut
611 1082 670 1129 ad
691 1099 747 1129 ea
766 1083 1013 1129 efficienda
1037 1093 1083 1129 et
1101 1082 1385 1146 complenda
1401 1083 1648 1146 proclivio·

240 1175 340 1205 rem
362 1160 481 1222 regis
516 1161 728 1206 animum
751 1159 1068 1207 redderemus.
1101 1163 1277 1206 Verum
1301 1175 1397 1222 quo
1420 1160 1579 1205 animo
1603 1170 1649 1207 et

240 1251 333 1297 qua
361 1245 517 1283 mente
546 1247 642 1283 tam
663 1236 871 1283 salubres
890 1245 936 1283 et
957 1247 1140 1284 sanctas
1159 1236 1556 1283 commonitiones
1576 1253 1648 1283 re-

243 1314 434 1376 ceperit,
462 1313 583 1361 facto
604 1324 765 1377 postea
784 1314 942 1378 palam
961 1314 1085 1374 fecit,
1105 1314 1212 1361 licet
1239 1323 1350 1359 tunc
1372 1328 1460 1376 pro
1480 1329 1648 1375 magna

243 1391 388 1450 gratia
407 1407 484 1438 eas
504 1392 740 1455 suscipere
763 1408 818 1438 ac
844 1392 1101 1456 plurimum
1118 1390 1383 1455 approbare
1405 1399 1452 1436 et
1482 1389 1649 1437 confir-

241 1483 369 1512 mare
389 1467 544 1514 verbis
561 1468 850 1525 ostenderet,
881 1470 942 1514 ita
965 1478 1039 1527 ut,
1062 1485 1161 1514 non
1180 1467 1327 1514 modo
1351 1467 1645 1524 sententiam,

239 1544 320 1591 sed
339 1545 482 1607 ipsius
498 1562 629 1609 paene
646 1555 817 1591 nostrae
833 1545 1173 1591 cohortationis
1193 1554 1332 1607 atque
1345 1543 1491 1590 libelli
1505 1543 1649 1590 verba

243 1631 354 1666 tunc
386 1622 657 1667 memoriter
681 1621 826 1667 verba
862 1631 1021 1667 tenere
1047 1620 1300 1680 videretur,
1335 1619 1649 1682 quemadmo-

242 1697 359 1742 dum
387 1713 415 1743 a
436 1697 647 1760 quodam
682 1701 784 1746 viro
822 1697 1079 1746 venerabili
1117 1709 1162 1744 et
1196 1698 1339 1745 docto
1359 1699 1644 1761 accepimus,

242 1772 468 1820 redeunte
498 1784 612 1821 tunc
651 1774 710 1822 de
750 1777 881 1822 curia
908 1776 1052 1837 regis,
1078 1775 1139 1821 ad
1165 1791 1309 1838 quam
1344 1790 1432 1838 pro
1471 1773 1647 1820 eisdem

243 1851 393 1896 causis
446 1867 474 1898 a
528 1852 895 1916 provincialibus
944 1852 1094 1898 fuerat
1151 1851 1451 1898 destinatus¹.
1516 1851 1649 1897 Petiit

241 1929 415 1991 quippe
448 1945 476 1975 a
501 1928 641 1975 nobis
669 1939 713 1976 et,
741 1945 911 1992 magna
933 1945 1128 1993 precum
1154 1929 1337 1992 rogavit
1357 1929 1576 1975 instantia
1597 1938 1649 1974 ut

242 2002 300 2050 de
324 2005 403 2050 illo
426 2005 603 2065 libello,
630 2004 689 2051 de
707 2023 802 2069 quo
825 2007 873 2051 in
897 2006 1063 2052 eadem
1089 2006 1217 2052 curia
1239 2007 1528 2051 mentionem
1549 2004 1647 2050 fieri

243 2080 500 2141 audiverat,
527 2083 712 2146 copiam
735 2082 823 2128 sibi
848 2083 996 2129 Facere
1020 2083 1336 2145 dignaremur.
1367 2086 1520 2139 Quem
1539 2098 1650 2129 cum

241 2155 497 2218 perlectum
536 2173 560 2202 a
599 2156 808 2219 quodam
845 2167 1006 2203 nostro
1037 2153 1222 2203 notario
1253 2157 1489 2216 audiisset,
1525 2156 1647 2202 affir-

242 2233 388 2277 mavit
421 2250 530 2278 cum
563 2244 854 2280 sacramento
877 2251 925 2279 se
947 2251 1078 2297 paene
1112 2243 1257 2279 totam
1294 2234 1393 2296 ejus
1431 2232 1647 2278 substan-

243 2309 355 2354 tiam
382 2319 427 2354 et
447 2310 621 2355 eisdem
647 2311 791 2355 ferme
816 2310 969 2356 verbis
1000 2326 1026 2355 a
1053 2326 1159 2370 rege
1185 2310 1429 2355 audivisse.

312 2389 505 2447 Verum,
534 2397 583 2432 ut
608 2386 831 2445 diximus,
861 2403 1002 2448 quam
1031 2387 1144 2432 altas
1176 2388 1221 2431 in
1248 2387 1346 2448 ejus
1374 2388 1533 2434 animo
1554 2388 1644 2434 hu-

299 2535 336 2570 1.
368 2535 562 2570 Petu-‹²111›
584 2534 746 2570 l‘autcm·
764 2535 900 2571 veut-il
922 2536 1046 2586 parler
1070 2536 1117 2573 ici
1141 2537 1187 2573 de
1214 2537 1385 2587 sevi-que
1413 2538 1642 2585 d’Auxerre‚

245 2593 337 2644 qu’il
366 2594 573 2645 temoigne,
601 2595 693 2632 dans
717 2596 908 2633 l’Histoire
936 2597 985 2634 (lu
1011 2599 1127 2648 regne
1146 2597 1192 2635 (le
1209 2599 1322 2636 Louis
1344 2601 1419 2645 XI,
1442 2602 1521 2638 etre
1545 2614 1645 2639 venu

246 2656 452 2694 demauder
484 2671 558 2695 unc·
583 2659 798 2709 exemption
834 2659 1011 2711 d'impots
1035 2675 1132 2712 pour
1156 2676 1206 2700 un
1232 2663 1366 2714 village
1396 2663 1568 2701 incendic
1598 2663 1644 2701 de

245 2732 312 2755 son
334 2718 496 2760 diocese.
520 2723 615 2769 Voy.
636 2729 663 2759 t.
683 2723 733 2766 ΙΙ,
755 2734 796 2771 p.
816 2723 879 2759 30.
