1875 2956
267 268 339 303 354
834 266 1074 301 APOLOGIA
1090 294 1099 305 ,

520 538 772 590 INCIPIT
812 538 1010 590 LIBER
1049 538 1403 591 SECUNDUS.

608 882 998 927 CAPITULUM
1045 880 1328 924 PRIMUM.

306 1014 413 1057 Quod
440 1015 593 1049 honores
612 1023 644 1048 et
663 1015 814 1049 culmina
838 1015 1084 1061 temporalium
1106 1014 1314 1060 dignitatum
1339 1014 1457 1048 beatos
1477 1014 1618 1048 minime

879 1072 1049 1107 efficiunt.

322 1196 413 1242 Sed
445 1197 696 1260 quoniam,
746 1207 799 1243 ut
834 1198 1054 1244 Boethius
1092 1198 1267 1261 inquit,
1302 1197 1668 1244 infelicissimum

258 1274 500 1320 infortunii
525 1292 671 1336 genus
693 1285 761 1321 est
784 1276 923 1321 fuisse
956 1275 1162 1330 felicem,
1196 1285 1263 1333 et,
1290 1285 1341 1320 ut
1365 1275 1530 1337 vulgus
1551 1276 1668 1322 aesti-

258 1367 386 1397 mare
421 1353 612 1411 assolet,
650 1352 707 1398 de
741 1353 938 1399 honoris
970 1353 1241 1416 temporalis
1272 1352 1451 1415 fastigio
1475 1353 1549 1399 vel
1576 1370 1670 1400 ma-

258 1444 456 1488 gnarum
479 1428 719 1475 affluentia
751 1446 897 1493 opum
921 1446 976 1475 ac
999 1430 1266 1475 divitiarum
1291 1430 1339 1474 in
1370 1430 1667 1475 humiliorem

257 1504 444 1550 devolvi
474 1505 711 1552 fortunam
740 1508 965 1552 miserum
993 1517 1038 1553 et
1062 1507 1387 1553 calamitosum
1412 1524 1510 1553 esse
1540 1507 1670 1554 vide-

257 1591 349 1641 tur,
369 1583 542 1628 durum
557 1600 610 1629 ac
628 1583 815 1629 difficile
834 1585 1074 1630 nonnullis
1092 1585 1239 1630 videri
1258 1594 1407 1647 potest
1426 1584 1669 1647 quomodo

258 1660 361 1721 quis
386 1659 659 1721 hujusmodi
686 1661 980 1707 strumarum
1004 1678 1058 1707 ac
1084 1671 1228 1706 status
1250 1662 1670 1707 commutationem

258 1752 393 1798 aequo
422 1746 468 1782 et
493 1737 669 1782 invicto
701 1738 860 1783 animo
885 1738 1002 1783 ferre
1028 1739 1187 1800 possit.
1218 1741 1272 1782 Et
1302 1748 1551 1800 propterea
1578 1738 1672 1783 for-

258 1829 340 1859 san
364 1814 665 1877 quamplures
688 1830 785 1859 esse
813 1815 921 1860 satis
944 1824 1181 1878 putamus,
1208 1815 1287 1876 qui
1313 1814 1375 1859 ol)
1398 1814 1669 1875 hujusmodi

259 1891 361 1936 vita*
385 1907 548 1937 cursus
568 1891 964 1954 permutationem
988 1907 1075 1935 nos
1096 1891 1142 1935 in
1164 1906 1361 1952 magnos
1381 1907 1604 1937 moerores
1626 1902 1673 1937 et

259 1968 498 2014 luctuosos
521 1969 778 2030 anxiosque
806 1968 1002 2029 gemitus
1028 1967 1233 2029 dejectos
1256 1966 1555 2024 arbitrentur,
1582 1985 1669 2014 ve—

261 2044 342 2089 luti
364 2062 417 2089 ex
438 2061 607 2107 magna
625 2045 831 2107 quadam
856 2044 1070 2090 felicitate
1088 2045 1135 2089 in
1157 2044 1389 2090 miseriam
1404 2044 1664 2090 devolutos.

331 2125 500 2168 Verum
524 2123 560 2168 si
594 2123 704 2168 tales
730 2139 827 2167 non
854 2122 1105 2184 vulgariter
1127 2132 1266 2184 atque
1294 2123 1581 2185 populariter
1609 2122 1670 2168 ad

263 2198 521 2261 insipientis
544 2209 587 2244 et
612 2199 814 2262 imperiti
838 2199 963 2260 vulgi
994 2199 1286 2262 opinionem,
1322 2198 1401 2243 sed
1431 2199 1586 2261 potius
1609 2198 1668 2244 ad

261 2274 525 2333 veritatem,
554 2292 720 2336 quam,
753 2275 930 2320 nedum
958 2275 1118 2320 litterae
1140 2291 1278 2320 sacra·¹
1300 2274 1359 2319 ad
1383 2275 1670 2320 consolatio-

263 2368 373 2396 nem
401 2360 447 2395 et
474 2352 788 2397 eruditionem
819 2361 1027 2396 nostram
1058 2351 1277 2396 divinitus
1309 2350 1446 2396 nobis
1471 2351 1666 2411 traditae,

264 2429 345 2474 sed
377 2429 514 2474 etiam
548 2429 786 2489 gentilium
825 2428 1219 2491 philosophorum
1251 2428 1505 2491 disciplina·
1531 2438 1670 2492 atque

265 2505 578 2550 institutiones
602 2503 928 2567 prodiderunt,
954 2503 1277 2567 philosophari
1303 2515 1509 2567 possent,
1531 2505 1669 2568 longe

263 2581 396 2626 aliter
413 2597 468 2626 ac
488 2581 769 2637 existimant,
790 2596 886 2625 esse
904 2579 1213 2641 intelligerent
1233 2589 1371 2642 atque
1385 2581 1663 2643 judicarent.

263 2656 519 2703 Arbitratur
540 2657 762 2720 insipiens
785 2656 949 2718 vulgus
972 2657 1019 2701 in
1044 2673 1319 2718 magnarum
1343 2658 1669 2721 perfunctione

264 2750 318 2779 ac
339 2733 622 2780 sublimitate
648 2734 925 2796 dignitatum
950 2749 1166 2795 magnam
1196 2734 1460 2781 felicitatem
1487 2736 1662 2795 inesse3
