1875 2956
298 217 372 252 130
657 215 992 252 HISTORIARUM
1022 216 1252 251 LUDOV1C1
1283 218 1337 252 XI

713 463 907 513 LIBER
953 461 1295 511 SEPTIMUS.

639 781 1024 825 CAPITULUM
1075 780 1355 824 PRIMUM.

293 906 342 938 De
358 904 470 937 laetitia
491 916 614 948 magna
633 904 668 936 in
692 904 868 949 utriusque
886 902 1091 937 obedientiae
1103 904 1255 949 populis,
1277 915 1358 949 pace
1377 904 1466 936 faeta
1484 903 1574 935 inter
1588 916 1701 948 regem

340 970 372 993 et
387 959 510 993 ducem
529 959 807 993 Maximilianum
827 975 834 999 ς
854 968 885 992 et
902 959 1082 1003 quomodo
1102 960 1172 992 filia
1189 959 1343 1005 ejusdem
1361 958 1459 992 ducis
1475 958 1520 992 ad
1536 972 1702 1005 sponsum

343 1028 444 1049 suum
464 1016 498 1049 in
512 1016 694 1049 Franciam
712 1014 859 1049 deducia
880 1016 955 1048 fuit.

359 1132 477 1174 Pace
507 1129 662 1189 itaque
692 1128 815 1173 inter
848 1128 1140 1174 Ludovicum
1167 1145 1323 1189 regem
1352 1138 1398 1173 et
1430 1128 1703 1174 Maximilia·

294 1223 407 1251 num
433 1205 626 1267 ejusque
649 1204 848 1262 liberos,
882 1215 1044 1265 terras⁷
1074 1205 1287 1251 dominia
1312 1215 1357 1250 et
1381 1205 1594 1251 subditos
1625 1205 1704 1250 fir‘

296 1293 442 1340 mata,
482 1299 592 1328 cum
629 1282 740 1327 hinc
770 1281 881 1327 inde
915 1281 975 1327 ab
1006 1283 1147 1328 armis
1182 1283 1514 1345 quiesceretur‚
1543 1282 1705 1343 ingens

293 1360 449 1405 laetitia
472 1359 761 1422 populorum
789 1359 1029 1421 utriusque
1061 1359 1340 1405 obedientiae
1365 1358 1706 1419 ambarumque

296 1452 320 1479 e
361 1436 553 1496 vestigio
591 1436 794 1497 partium
830 1445 988 1481 secuta
1024 1445 1106 1480 est.
1150 1439 1266 1480 Nam
1303 1434 1706 1497 quemadmodum

294 1512 458 1575 populi
485 1512 687 1574 partium
722 1511 854 1556 ducis
877 1511 1179 1556 Maximiliani
1200 1511 1282 1556 diu
1305 1511 1391 1556 sub
1417 1512 1555 1556 anxio
1579 1521 1707 1556 melu

296 1588 539 1649 multoque
576 1603 751 1650 pavore
785 1596 924 1647 atque
967 1586 1215 1632 formidine
1250 1587 1576 1647 elanguerant,
1615 1588 1708 1633 sue-

299 1674 497 1726 rantque
529 1663 826 1724 vectigalium
859 1673 903 1708 et
934 1662 1236 1709 collectarum
1276 1680 1419 1708 onere
1455 1664 1709 1726 plurimum

302 1740 505 1803 gravati,
534 1739 818 1785 commercia
843 1754 1033 1800 quoque
1074 1756 1176 1800 quae
1205 1740 1253 1784 in
1285 1740 1374 1784 illis
1407 1741 1540 1785 terris
1579 1740 1712 1785 Flau-

303 1817 512 1863 driarum
538 1826 660 1861 terra
691 1815 900 1877 marique
931 1815 988 1860 de
1020 1825 1120 1861 tolo
1147 1832 1278 1878 paene
1313 1815 1566 1861 christiano
1594 1816 1709 1862 orbe

305 1893 592 1957 permaxime
636 1892 838 1937 exerceri
877 1892 1053 1951 solent,
1092 1892 1308 1938 halecum
1348 1893 1487 1938 etiam
1521 1902 1710 1938 caetero-

307 1986 505 2031 rumque
525 1969 724 2032 piscium
747 1969 1042 2031 piscationes,
1061 1969 1318 2014 lanificium
1331 1979 1586 2031 caeteraque
1607 1970 1713 2014 arti-

309 2047 449 2092 ficum
474 2062 617 2109 opera
634 2045 832 2107 (quihus
854 2062 909 2091 ex
933 2045 1072 2091 rebus
1097 2047 1259 2109 populi
1279 2056 1507 2091 terrarum
1527 2047 1710 2091 illarum

311 2123 517 2168 victitare
553 2132 599 2167 et
629 2138 823 2183 magnas
857 2139 969 2185 opes
1000 2138 1204 2184 quaerere
1233 2122 1604 2184 consueverunt)
1629 2123 1713 2167 im-

311 2199 489 2244 minuta
536 2199 791 2261 piurimum
834 2208 877 2243 et
915 2198 1013 2259 jam
1054 2215 1201 2262 prope
1245 2199 1372 2243 nulla
1413 2199 1710 2258 exsisterent,

311 2276 573 2339 priscorum
623 2276 826 2321 felicium
871 2285 1138 2338 temporum
1178 2277 1571 2338 comparatione:
1617 2293 1713 2322 non

315 2354 469 2398 minus
490 2352 630 2397 etiam
653 2352 827 2397 subdili
853 2352 971 2413 regis
996 2351 1054 2396 ab
1081 2352 1206 2414 ipso,
1231 2351 1316 2398 sub
1343 2361 1565 2415 pl'aetextu
1586 2367 1715 2414 guer-

314 2445 494 2485 rarum,
537 2428 708 2473 militiae
736 2429 871 2473 simul
910 2438 955 2473 et
985 2427 1265 2474 tributorum
1290 2428 1512 2474 oneribus
1535 2429 1716 2474 sueran't

314 2507 485 2551 mirum
517 2505 563 2551 in
596 2505 794 2551 modum
835 2506 1060 2567 oppressi.
1097 2508 1212 2550 Nam
1247 2506 1394 2551 tallias
1422 2515 1467 2551 et
1500 2506 1731 2554 collectas

314 2599 452 2646 super
473 2582 666 2627 miseros
694 2582 953 2639 ree-nicolas
983 2581 1041 2626 ad
1074 2598 1306 2627 summam
1328 2599 1477 2644 usque
1497 2619 1508 2639 ‚
1544 2598 1645 2644 quae
1667 2583 1715 2627 in

311 2661 450 2722 triplo
499 2659 739 2704 excederet
787 2674 890 2703 cam
936 2674 1076 2720 quam
1123 2675 1335 2721 unquam
1379 2675 1488 2704 suus
1534 2660 1716 2721 genitor
