1875 2956
689 272 827 307 LIBER
872 271 1121 307 SEPTIMUS.
1527 275 1600 309 1653

200 356 313 402 dum
338 358 620 421 adimplerit,
656 360 762 405 satis
793 369 1008 405 constare
1042 358 1295 419 unicuique
1320 367 1488 420 potest,
1523 363 1600 420 qui

198 443 446 480 tractatum
479 435 664 481 foederis
693 436 813 480 inter
838 451 886 480 se
916 445 960 480 et
989 434 1208 480 eumdem
1232 434 1601 481 Maximiliannm

196 509 367 570 legere¹
392 512 640 568 curaverit,
677 528 759 574 per
786 527 927 573 quem
964 526 1176 574 expresse
1205 509 1397 555 eosdem
1429 511 1603 572 Trajec-

197 595 348 633 tenses
370 589 596 648 excludit,
623 598 760 650 atque
788 587 1010 633 adversus
1033 604 1114 633 eos
1138 597 1184 632 et
1215 586 1385 632 ducem
1419 588 1602 633 Cliven-

195 679 293 709 sem
314 667 629 711 Maximiliano
654 665 967 728 praestiturum
987 665 1157 710 auxilia
1183 680 1230 710 se
1253 665 1498 727 promittit.

260 744 384 786 Dum
409 758 520 788 vero
555 741 680 787 idem
703 741 1045 786 Maximilianus
1071 740 1227 786 adhuc
1250 750 1399 786 castra
1424 750 1601 786 teneret

193 827 300 863 ante
328 818 501 864 dictam
533 818 874 879 Trajectensem
904 818 1157 877 civitatem,
1193 834 1410 880 eamque,
1438 818 1504 863 1111
1531 834 1601 863 re-

193 893 407 951 tulimus,
455 894 704 941 obsidione
747 895 1109 955 constringeret,
1152 894 1347 955 contigit
1380 894 1599 940 eumdem

193 971 501 1031 Ludovicum,
522 975 810 1017 Francorum
833 981 945 1017 tunc
969 988 1142 1032 regem,
1159 971 1250 1017 hac
1267 970 1471 1016 instabili
1493 972 1597 1016 luce

191 1046 389 1094 deficere
413 1049 487 1095 die
511 1066 622 1094 xxrx
647 1050 818 1094 mensis
838 1049 1058 1110 augusffl,
1086 1065 1212 1094 anno
1236 1048 1426 1111 praefato
1450 1048 1599 1093 domi-

192 1125 306 1170 nicae
338 1126 674 1172 incarnationis
705 1127 1072 1172 MCCCCLxxx1113.
1113 1126 1205 1181 Qui
1239 1125 1420 1188 praefuit
1454 1141 1598 1187 regno

189 1217 339 1247 annos
364 1204 525 1264 viginti
545 1203 683 1262 duos,
719 1219 928 1249 mensem
949 1219 1114 1261 unum,
1143 1202 1241 1247 dies
1262 1202 1444 1246 circiter
1467 1211 1592 1261 octo,

188 1294 215 1323 a
237 1278 311 1324 die
338 1278 494 1324 obitus
511 1281 654 1342 patris
673 1280 743 1325 sui
767 1280 910 1326 felicis
933 1278 1286 1324 recordationis.
1306 1278 1448 1338 Cujus
1468 1294 1595 1323 mors

188 1364 232 1399 et
264 1357 482 1400 transitus
512 1356 678 1418 procul
707 1355 856 1400 dubio
888 1354 1127 1413 omnibus,
1155 1370 1251 1399 non
1285 1352 1430 1398 modo
1464 1354 1593 1414 regni

187 1431 374 1488 accolis,
396 1447 514 1492 quos
532 1432 780 1477 durissima
802 1432 1020 1476 servitute
1040 1440 1085 1476 et
1108 1430 1304 1475 immani
1322 1429 1494 1491 jugiter
1512 1445 1594 1492 op-

185 1517 410 1568 presserat:
435 1507 699 1569 tyrannide,
736 1508 935 1568 ingentis
975 1507 1132 1568 gaudii
1164 1506 1407 1553 materiam
1432 1506 1588 1566 dedit,

185 1583 264 1628 sed
290 1594 335 1629 et
358 1584 579 1629 omnibus
610 1584 816 1630 finitimis
853 1585 1125 1630 nationibus
1153 1584 1213 1630 ad
1245 1601 1360 1646 quas
1389 1600 1481 1629 suat
1506 1583 1591 1628 1111-

184 1660 428 1722 probitatis
445 1678 499 1707 ac
521 1661 783 1724 tyrannidis
804 1661 928 1707 fama
952 1671 1229 1725 pervenerat
1251 1679 1259 1706 :
1291 1677 1392 1722 quae¹
1419 1660 1589 1705 nimio⁴

185 1750 410 1796 percussae
435 1745 579 1795 metu,
609 1745 789 1781 tantum
816 1735 925 1781 inde
947 1736 1110 1781 laetitiae
1130 1745 1173 1780 et
1198 1734 1445 1780 alacritatis
1470 1733 1590 1779 acci-

184 1811 374 1873 piebant
399 1822 444 1857 et
466 1812 525 1858 de
553 1812 651 1874 ejus
674 1822 825 1858 morte
853 1813 1242 1870 consolationem,
1271 1821 1500 1873 quantum
1524 1812 1589 1855 eis

185 1889 326 1951 ipsius
355 1890 448 1935 vita
474 1889 693 1950 injecerat
722 1890 979 1948 anxietatis,
1019 1889 1214 1953 periculi
1250 1899 1389 1949 atque
1419 1888 1588 1933 sollici-

185 1965 372 2010 tudinis.

664 2127 1002 2171 CAPITULUM
1035 2128 1111 2170 lx.

231 2245 280 2276 De
298 2243 500 2277 habitudine
519 2257 674 2289 personne
691 2243 847 2289 ejusdem
864 2243 1034 2277 Ludox-iei
1051 2252 1084 2277 et
1102 2242 1145 2277 de
1161 2244 1263 2277 variis
1287 2244 1539 2277 venationibus.

250 2353 316 2394 De
340 2350 549 2395 moribus
584 2361 739 2396 autem
770 2361 812 2396 et
843 2350 1197 2396 conditionibus
1229 2355 1326 2413 ejus
1349 2351 1429 2395 etsi
1455 2351 1586 2413 plura

186 2442 323 2488 supra
350 2428 607 2486 retulimus,
645 2445 741 2473 non
770 2438 927 2474 tamen
951 2427 1138 2472 ridetur
1161 2427 1413 2484 absonum,
1441 2429 1474 2472 si
1501 2428 1587 2472 alia

268 2589 276 2597 .
308 2564 376 2599 MS.
402 2566 483 2612 legi.

269 2652 277 2659 .
308 2624 419 2658 Louis
437 2627 492 2660 XI
513 2634 663 2661 mourut
682 2626 717 2661 le
738 2628 785 2662 30
805 2629 893 2663 aoiit
912 2656 921 2669 ,
951 2629 969 2662 :¹1
991 2628 1087 2663 neus
1103 2627 1238 2663 hcurcs
1258 2627 1307 2662 1111
1327 2627 1415 2661 seir.

308 2683 357 2718 lei
379 2684 528 2720 §arri-te
548 2685 704 2721 l‘extmit
728 2687 856 2735 publio
879 2702 945 2736 par
966 2688 1175 2723 Maxumus.

239 2563 275 2718 ..ι-,ἰθὺ

308 2748 471 2789 Quarum
493 2746 584 2781 dans
604 2747 638 2781 le
661 2761 728 2782 1115.

234 2747 256 2780 ‚cr
240 2685 251 2717 fl-
