1875 2956
269 287 345 323 244
819 281 1088 325 APOLOGIA,

271 375 351 436 qui
377 375 516 419 etiam
543 373 707 417 missus
729 379 826 414 erat
849 369 907 414 ad
932 368 1180 413 dominum
1208 367 1376 412 ducem
1395 365 1660 413 Alenconii¹

268 460 314 495 et
356 449 585 511 quosdam
627 447 742 492 alios
783 445 1005 490 dominos
1043 444 1101 489 de
1142 444 1241 507 ipsa
1273 444 1527 505 provincia.
1571 444 1662 486 Nos

267 536 423 572 autem
446 534 633 585 rogatos
659 522 854 568 faciebat
876 521 1112 584 quatinus,
1137 519 1198 565 ad
1227 519 1338 564 dicti
1360 519 1430 563 sui
1449 518 1661 564 desiderii

266 602 651 664 consequendum
675 600 915 656 effectum,
946 613 1110 661 operas
1128 605 1307 642 nostras
1330 604 1375 640 et
1396 594 1662 655 suffragium

266 678 491 740 impertiri
525 677 773 733 vellemus,
818 685 988 721 extunc
1020 674 1223 718 retinens
1245 688 1332 717 nos
1369 670 1428 716 de
1470 671 1662 715 consilio

265 772 349 800 suo
374 753 460 799 sub
485 769 655 815 magna
674 763 719 797 et
735 751 1022 809 honorabili,
1045 766 1187 812 quam
1207 746 1514 812 pollicebatur
1530 746 1665 792 nobis

263 848 311 875 se
333 831 569 887 daturum,
592 831 835 892 pensione.
861 831 1061 890 Recepta
1083 836 1239 872 autem
1262 841 1344 870 sua
1362 823 1571 887 epistola,
1601 824 1666 868 uti

266 923 349 969 par
370 915 495 965 erat,
524 921 632 950 cum
655 905 785 949 omni
809 904 1066 950 reverentia
1094 913 1139 947 et
1161 903 1368 956 honore,
1395 901 1502 945 x'isis
1528 900 1666 946 etiam

263 981 648 1027 instructionibus
670 997 786 1042 quas
808 981 905 1043 ipse
933 997 1043 1025 suus
1071 980 1247 1040 legatus
1273 979 1464 1040 scriptas
1493 976 1667 1022 desere-

263 1059 366 1116 bat,
395 1059 531 1104 simul
556 1068 602 1104 et
624 1058 792 1103 auditis
824 1067 962 1119 atque
992 1057 1234 1101 intellectis
1259 1073 1361 1119 quae
1385 1055 1667 1101 verbotenus

264 1135 464 1180 dicenda
489 1134 575 1179 sibi
595 1144 641 1180 et
663 1134 837 1179 credita
869 1133 1080 1191 fuissent,
1107 1133 1274 1194 gratias
1303 1133 1479 1194 egimus
1501 1131 1559 1177 de
1582 1132 1667 1177 ho-

264 1228 378 1257 nore
413 1228 554 1274 quem
590 1210 729 1255 nobis
766 1209 999 1255 facturum
1031 1208 1358 1272 promittebat,
1403 1209 1440 1254 si
1473 1208 1534 1254 ad
1571 1208 1668 1270 ejus

263 1289 447 1333 servitia
481 1298 526 1333 et
549 1287 775 1349 obsequia
803 1287 962 1332 venire
995 1295 1040 1331 et
1078 1285 1321 1345 accedere,
1361 1285 1668 1348 quemadmo-

264 1365 377 1409 dum
419 1364 669 1410 affectuose
710 1362 932 1424 rogabat,
977 1362 1277 1419 duceremus;
1327 1378 1516 1421 verum,
1561 1378 1669 1407 cum

263 1441 392 1503 prius
415 1440 473 1485 ab
502 1442 682 1502 optimo
709 1456 815 1500 rege
845 1440 1054 1500 genitore
1079 1454 1163 1483 suo
1190 1438 1437 1501 praeventi,
1468 1438 1528 1484 ad
1551 1439 1669 1500 ejus-

265 1533 355 1577 que
393 1516 525 1561 acciti
562 1516 833 1573 consilium,
877 1515 1075 1559 honesta
1114 1513 1251 1559 nobis
1290 1514 1518 1575 assignata
1555 1531 1669 1577 pen-

265 1593 413 1651 sione,
452 1592 711 1649 fuissemus,
737 1591 1083 1636 excusationem
1111 1590 1326 1635 dedimus
1346 1590 1476 1652 quod
1508 1590 1666 1650 nobis,

266 1670 426 1714 relicto
451 1669 593 1731 patris
624 1685 716 1713 serx
729 1669 838 1728 itio,
867 1668 953 1713 nisi
977 1667 1036 1712 al)
1067 1683 1122 1711 eo
1159 1667 1298 1728 jussi,
1334 1667 1393 1712 ad
1418 1685 1552 1713 suum
1579 1669 1671 1713 mi-

267 1746 393 1790 nime
416 1745 610 1790 transire
640 1761 897 1807 possemus.
939 1747 1040 1789 Hoc
1067 1745 1192 1788 enim
1224 1760 1309 1788 nec
1341 1745 1542 1805 justum,
1586 1762 1671 1791 nec

268 1820 520 1864 honestum
554 1817 692 1863 nobis
725 1834 821 1862 esse
859 1827 1037 1879 posset,
1083 1817 1162 1861 sed
1196 1825 1242 1861 et
1277 1817 1411 1862 valde
1444 1819 1674 1881 periculo-

269 1910 395 1952 sum,
438 1908 546 1937 cum
585 1892 691 1937 satis
731 1891 1089 1952 intelligeremus
1129 1890 1369 1951 ingenium
1413 1892 1511 1954 ejus
1554 1894 1672 1956 patri

272 1970 369 2014 sore
392 1979 685 2032 suspectum,
726 1985 812 2013 nec
844 1968 902 2013 de
926 1984 1005 2027 eo,
1042 1984 1181 2029 quem
1214 1968 1274 2014 ad
1297 1985 1443 2014 novas
1476 1986 1548 2015 res
1569 1987 1671 2016 mo-

270 2046 449 2091 liendas
470 2046 727 2109 proclixem
764 2062 860 2090 esse
890 2044 1109 2090 censebat.
1142 2055 1187 2090 et
1208 2045 1542 2107 cognoscebat,
1565 2049 1672 2093 satis

272 2122 527 2167 confidere.

338 2199 643 2245 Postmodum
674 2216 784 2245 vero
801 2233 811 2253 ,
846 2216 954 2244 cum
981 2200 1040 2245 ab
1077 2217 1172 2245 uno
1202 2200 1353 2246 amico
1376 2200 1672 2247 intellexisse—

275 2294 378 2322 mus
414 2293 567 2338 regcm
603 2277 952 2339 inquisitionem
994 2277 1143 2322 facere
1188 2277 1247 2322 ad
1283 2293 1402 2339 quos
1436 2278 1561 2324 idem
1591 2279 1672 2324 filii

276 2355 345 2399 sui
367 2354 542 2415 legatus
578 2355 625 2399 in
661 2355 947 2400 Normannia
981 2355 1152 2400 litteras
1185 2354 1445 2414 detulisset,
1482 2367 1526 2402 et
1563 2375 1671 2403 cum

277 2431 445 2493 quibus
483 2431 729 2476 secretiora
766 2430 1003 2476 habuisset
1030 2431 1289 2492 colloquia,
1331 2434 1554 2495 quodque
1591 2435 1695 2497 per'

277 2507 530 2553 nonnullos
553 2507 610 2552 de
639 2507 940 2570 primioribus
963 2508 1236 2570 provincia,
1263 2509 1389 2570 apud
1409 2526 1527 2571 quos
1546 2511 1671 2557 idem

278 2585 466 2629 nuntius
492 2584 659 2643 fuerat,
684 2585 853 2629 certior
880 2585 1024 2630 factus
1061 2584 1206 2630 suerat
1236 2585 1344 2645 quia
1379 2586 1439 2631 ad
1467 2604 1554 2633 nos
1575 2588 1671 2651 epi-

334 2748 367 2781 1.
400 2747 493 2793 Voy.
520 2753 544 2781 t.
566 2747 606 2792 I,
630 2758 665 2794 p.
692 2746 764 2780 323
