1875 2956
236 245 311 281 330
798 248 1045 285 APoLofflA
1059 275 1070 294 ‚

233 343 385 389 antea,
413 332 533 378 dolis
565 343 609 378 et
633 333 877 378 calumniis
904 351 1159 397 pravorum
1185 348 1230 383 et
1254 340 1522 402 iniquorum
1544 342 1632 386 ho-

233 410 415 455 minum
444 410 615 454 factum
654 409 1015 470 cognoscimus?
1047 412 1177 458 Adde
1209 416 1361 476 quod,
1396 419 1432 464 si
1464 434 1635 481 anceps

233 486 348 531 inibi
387 495 429 530 et
467 501 658 547 prorsus
688 486 864 532 incerta
895 497 1033 549 atque
1067 489 1338 536 inconstans
1372 491 1507 552 fides,
1534 511 1631 541 non

230 563 386 624 potior
416 561 556 607 etiam
598 577 750 623 neque
788 564 994 609 securior
1039 564 1131 610 illic
1165 566 1341 627 justitia
1380 567 1627 616 invenitur.

232 639 347 682 Nam
373 653 481 682 cum
506 638 735 701 improbis
759 638 1047 686 delatoribus
1070 641 1215 687 facilis
1247 642 1307 688 ad
1335 642 1634 692 calumnian—

230 715 342 760 dum
377 714 532 761 bonos
571 717 723 762 aditus
759 733 986 780 auresque
1020 719 1400 776 commodentur,
1432 723 1511 784 qui
1542 723 1633 770 illic

228 791 427 853 degunt,
457 794 710 855 praesertim
744 795 780 839 si
815 794 1071 857 aliquando
1102 795 1271 841 suerint
1291 797 1452 855 invisi,
1482 800 1634 860 quoti-

228 867 378 914 dianis
402 869 744 916 calumniarum
767 871 983 934 periculis
1003 882 1161 935 patere
1184 889 1370 919 necesse
1391 884 1459 920 est
1481 884 1526 920 et
1546 875 1634 922 suh

228 946 368 990 anxio
390 956 435 992 et
460 963 657 1009 poenoso
684 948 819 993 valde
852 958 981 994 metu
1008 949 1245 1012 languere.
1273 951 1433 996 Fidem
1465 953 1635 998 nostris

226 1023 559 1069 assertionibus
576 1025 683 1070 satis
705 1024 906 1070 afferunt
924 1025 999 1071 ille
1022 1026 1272 1073 cardinalis
1295 1037 1340 1073 et
1363 1028 1438 1073 ille
1461 1029 1634 1091 episco-

225 1116 338 1162 pus,
371 1101 469 1162 jam
496 1102 638 1148 ferme
671 1119 754 1166 per
784 1104 1163 1166 quinquennium
1203 1121 1258 1152 ea
1293 1122 1395 1168 quae
1437 1106 1634 1153 dicimus

224 1179 416 1240 experti.
444 1179 565 1224 Alios
588 1181 890 1244 quamplures
919 1181 1059 1227 etiam
1082 1182 1130 1227 in
1154 1191 1290 1228 testes
1312 1183 1444 1229 facile
1466 1199 1634 1230 vocare

224 1264 270 1299 et
293 1255 433 1301 citare
456 1273 721 1319 possemus,
746 1258 782 1303 si
807 1273 834 1303 a
856 1274 1026 1303 somno
1048 1259 1210 1304 mortis
1232 1268 1278 1304 et
1297 1257 1357 1305 ab
1378 1259 1533 1305 inferis
1554 1277 1634 1306 eos

223 1332 422 1378 excitare
444 1350 704 1397 possemus,
732 1351 846 1397 quo,
871 1336 1078 1381 insontes
1101 1337 1232 1394 licet,
1260 1336 1437 1382 dimissi
1460 1347 1585 1395 sunt,
1607 1354 1632 1384 a

224 1410 434 1470 praestitis
457 1411 520 1456 eis
539 1412 864 1457 securitatibus
881 1412 1046 1473 delusi,
1071 1414 1119 1458 in
1138 1413 1310 1476 quibus
1327 1423 1500 1459 temere
1519 1431 1633 1460 con-

225 1483 442 1530 fiderunt.
473 1487 562 1532 Sed
588 1488 773 1534 *mvidiae
798 1490 1045 1551 nimiaeque
1066 1490 1340 1552 prolixitatis
1366 1490 1633 1537 devitanda-

222 1576 327 1606 rum
351 1563 512 1622 gratia,
539 1564 720 1609 silentio
743 1581 823 1609 eos
844 1566 1173 1627 pra‘teriemus.

288 1640 392 1684 Non
407 1641 659 1687 referemus
677 1642 815 1687 etiam
833 1643 1066 1704 quotiens,
1086 1659 1111 1688 a
1129 1643 1330 1688 triennio
1349 1643 1462 1688 citra
1476 1644 1522 1704 (a
1536 1660 1630 1706 quo

222 1724 433 1779 tempore
463 1717 671 1763 inclitam
702 1719 825 1764 hanc
855 1720 1208 1764 Treverensium
1241 1721 1522 1765 incoluimus
1552 1738 1630 1764 ur-

223 1792 371 1855 bem),
399 1810 494 1852 rex,
517 1794 864 1840 stimulantibus
886 1795 986 1841 aliis
1006 1796 1289 1857 quibusdam
1312 1813 1395 1859 per
1412 1796 1631 1842 ambitio-

222 1887 330 1916 nem
366 1873 662 1932 saecularem‚
705 1883 914 1918 nostram
958 1874 1125 1919 iterum
1163 1884 1208 1919 et
1255 1874 1414 1919 denuo
1449 1877 1630 1937 assequi

221 1948 462 1994 ecclesiam
485 1949 826 2009 ambientibus,
862 1959 909 1995 et
930 1959 1142 2014 tempore
1175 1950 1318 1996 felicis
1344 1950 1630 1996 recordatio-

222 2024 292 2069 nis
327 2026 456 2070 Pauli
484 2036 529 2071 et
556 2027 774 2073 moderni
807 2028 947 2073 etiam
977 2028 1131 2087 Sixti¹,
1168 2027 1446 2091 pontificum
1476 2045 1630 2074 roma-

221 2117 415 2160 norum,
459 2103 727 2150 instantiam
767 2104 950 2164 fecerit,
993 2115 1041 2150 ut
1076 2105 1149 2150 vel
1187 2105 1278 2150 alio
1313 2105 1361 2149 in
1406 2104 1628 2149 Patlunos

220 2179 590 2241 transferrenmr,
615 2182 688 2227 vel
711 2183 811 2245 ipsa
835 2183 1027 2229 ecclesia
1051 2192 1209 2228 nostra
1234 2198 1320 2245 pro
1343 2181 1624 2244 quibusdam

219 2255 383 2301 affictis
405 2256 465 2302 ab
494 2258 669 2303 eisdem
694 2259 1101 2304 criminationibus
1132 2259 1438 2320 dejiceremur
1464 2268 1506 2303 et
1530 2260 1626 2321 pri-

220 2346 451 2375 varemur.
508 2332 690 2388 Quibus
733 2343 889 2378 tamen
931 2334 1212 2396 importunis
1259 2343 1397 2395 atque
1446 2333 1625 2393 injustis

219 2408 612 2469 postulationibus
644 2411 909 2472 apostolicae
942 2410 1061 2455 sedis
1093 2410 1267 2470 justitia
1294 2419 1337 2455 et
1362 2409 1625 2471 benignitas

218 2500 401 2548 semper
429 2484 661 2548 repulsam
691 2502 776 2549 pro
812 2485 972 2543 nobis,
1014 2486 1120 2531 licet
1155 2485 1447 2545 absentibus,
1474 2487 1617 2532 dedit.

271 2661 307 2695 1.
340 2659 429 2696 Paul
451 2661 507 2703 ΙΙ,
533 2660 634 2696 etant
653 2670 751 2697 mort
771 2661 804 2697 16
833 2662 881 2697 28
908 2660 1030 2707 juillet
1057 2662 1175 2707 1471,
1200 2669 1261 2697 cut
1283 2674 1380 2711 pour
1399 2673 1617 2698 successeur

217 2721 321 2759 Sixte
341 2724 403 2760 IV.
