1875 2956
246 260 321 296 254
798 263 1045 299 APOLOGIA
1057 291 1066 307 ‚

246 362 339 392 una
365 363 473 392 cum
507 347 862 393 insolentiarum
891 347 1063 393 militiae
1095 348 1422 410 variarumque
1453 364 1649 394 concus-

244 421 430 467 sionum
456 434 594 485 atque
626 423 896 486 rapinarum
927 423 1069 485 longa
1091 433 1136 468 et
1158 439 1287 486 paene
1319 424 1500 470 assidua
1532 424 1649 469 tole-

243 500 421 558 rantia,
472 500 674 562 populus
718 501 860 546 totius
909 501 1038 562 regni
1086 500 1146 546 ad
1190 500 1330 545 talem
1370 502 1649 563 paucitatem

245 585 514 637 tantamque
534 592 588 622 ac
613 586 709 622 tam
733 577 1047 624 miserabilem
1078 577 1290 641 inopiam
1317 586 1454 640 atque
1473 595 1647 643 paupe·

244 653 360 697 riem
387 662 482 698 erat
510 652 741 700 redactus.

307 729 425 774 Huic
477 739 634 775 autem
677 730 847 776 morbo
888 731 1197 793 languorique
1240 729 1566 776 molestissimo
1613 732 1649 777 si

241 815 514 867 competens
543 807 749 868 medela,
787 809 823 853 si
855 809 1141 867 remedium,
1168 808 1206 854 si
1237 807 1416 853 curatio
1440 806 1650 853 adhiberi

242 882 459 943 deberet,
487 894 537 929 ut
564 886 700 947 periti
721 886 872 931 solent
901 886 1070 931 medici
1106 886 1155 930 in
1180 883 1502 931 curationibus
1523 885 1650 945 aegri-

242 960 461 1006 tudinum
492 963 838 1025 corporalium,
876 963 1191 1009 necessarium
1223 961 1470 1008 videbatur
1493 977 1651 1007 causas

242 1048 287 1083 et
306 1038 502 1094 radices,
521 1055 575 1084 ex
593 1039 765 1101 quibus
780 1050 908 1085 tanta
925 1049 1115 1102 tamque
1135 1040 1196 1086 ad
1218 1039 1516 1085 tolerandum
1536 1039 1651 1086 dura

241 1125 380 1176 atque
413 1132 577 1179 aspera
617 1117 903 1179 pullularant
943 1112 1090 1177 111313,
1134 1117 1208 1163 vel
1244 1116 1539 1174 exscindere,
1580 1117 1650 1162 vel

241 1207 411 1252 magna
441 1209 496 1237 ex
520 1203 649 1255 parte
674 1193 912 1252 minuere3
952 1209 1062 1239 nam
1094 1193 1394 1240 manentibus
1425 1193 1573 1238 causis
1596 1209 1649 1239 ex

240 1268 412 1329 quibus
450 1280 495 1315 et
526 1280 718 1333 propter
741 1287 857 1333 quas
896 1270 1005 1317 talia
1034 1272 1267 1316 orirentur
1298 1281 1437 1334 atque
1462 1269 1649 1332 effinge-

242 1356 401 1391 rentur
427 1346 576 1406 mala,
602 1364 699 1392 non
731 1347 849 1392 foret
879 1347 1100 1411 possibile
1124 1349 1238 1410 quin
1267 1357 1435 1411 pestes,
1464 1364 1566 1410 quae
1595 1364 1648 1393 ex

240 1423 511 1485 hujusmodi
533 1425 895 1487 proficiscuntur
915 1427 1087 1486 causis,
1114 1426 1285 1490 pariter
1308 1426 1446 1471 etiam
1466 1441 1649 1489 perma-

241 1509 404 1544 nerent
432 1517 440 1543 :
479 1501 883 1562 quemadmodum
918 1503 966 1547 in
1004 1502 1321 1562 febricitante,
1351 1501 1649 1548 manentibus

240 1576 286 1620 111
311 1592 509 1639 corpore
544 1577 774 1640 corruptis
808 1577 1088 1623 humoribus
1120 1595 1324 1640 quorum
1358 1577 1647 1640 superabun-

239 1650 399 1697 dantia
423 1662 467 1697 et
486 1654 725 1716 corruptio
747 1654 983 1715 generavit
1000 1654 1237 1715 morbum,
1254 1655 1433 1700 curatio
1452 1653 1649 1700 salubris

241 1728 434 1773 minime
468 1728 589 1774 effici
613 1739 795 1791 potest3
830 1730 913 1775 sed
944 1746 1130 1776 necesse
1164 1740 1231 1776 est
1263 1741 1313 1776 111
1342 1731 1413 1776 vel
1438 1748 1528 1794 ope
1550 1747 1647 1776 me-

240 1804 427 1864 dicinae,
456 1806 526 1851 vel
550 1806 706 1866 vigore
729 1815 775 1850 et
801 1806 1003 1852 valentia
1021 1817 1218 1867 naturae,
1244 1817 1408 1853 contra
1427 1806 1648 1853 morbum

241 1880 549 1942 obluctantis,
589 1881 864 1944 hujusmodi
899 1882 1121 1929 humores
1156 1894 1402 1947 peccantes
1438 1884 1649 1946 quolibet

241 1959 387 2006 inodo
411 1970 668 2006 vacuentur
693 1970 738 2005 et.
768 1971 1048 2024 purgentur,
1089 1962 1126 2007 si
1149 1972 1347 2024 a‘grotus
1377 1962 1437 2008 ad
1460 1963 1647 2026 plenam

242 2037 613 2083 incolumitatem
637 2037 852 2083 debuerit
878 2039 1071 2084 restitui.

306 2113 454 2156 Causa
473 2122 629 2157 autem
656 2113 807 2175 prima
834 2122 878 2157 et
911 2113 1179 2176 principalis
1216 2113 1339 2159 unde
1374 2115 1532 2160 omnia
1557 2114 1645 2160 hu-

237 2188 516 2250 juscemodi,
543 2206 644 2251 quae
658 2191 915 2250 retulimus,
934 2191 1073 2251 mala,
1090 2201 1134 2236 et
1148 2208 1249 2253 quae
1263 2207 1350 2236 nec
1363 2191 1644 2238 sufficienter

241 2266 443 2326 cogitare
473 2267 704 2324 valemus,
754 2284 896 2327 regno
941 2277 1079 2329 atque
1116 2268 1287 2313 accolis
1327 2268 1423 2329 ejus
1484 2285 1646 2331 prove-

242 2353 411 2388 nerunt
454 2344 530 2405 (ut
569 2344 856 2405 aiebamus),
892 2361 1065 2404 guerrae
1102 2345 1275 2390 scilicet
1312 2355 1406 2390 tam
1446 2356 1645 2393 externae

242 2436 384 2482 (1113111
408 2420 623 2479 interme,
652 2438 730 2466 scu
764 2421 921 2465 civiles
948 2421 1020 2465 x'el
1052 2421 1336 2481 domesticw,
1376 2422 1535 2469 divina
1558 2424 1645 2468 mi-

242 2498 472 2544 seratione
498 2507 727 2544 cessarant
764 2508 810 2543 et
838 2499 1134 2560 quieverant,
1168 2516 1389 2560 regnum,
1422 2517 1519 2546 11110
1543 2501 1643 2547 solo

243 2573 468 2637 oppidulo
493 2583 687 2637 excepto
705 2576 732 2631 ¹,
760 2583 998 2637 receptum
1016 2574 1075 2620 ab
1099 2574 1313 2621 hostibus
1337 2586 1381 2621 et
1404 2577 1450 2621 in
1475 2594 1522 2622 se
1543 2593 1643 2622 reu-

297 2740 333 2775 1.
365 2737 608 2776 C'est-a-dire
628 2737 762 2775 Calais.
