1875 2956
345 235 365 267 2
704 234 998 269 HISTORIARU
1009 235 1041 267 M
1072 234 1302 269 LUDOVICI
1335 236 1387 268 xl

343 322 561 366 servitute
595 320 797 365 liberatae
835 318 1004 363 forent.
1035 318 1267 365 Putabam
1299 321 1426 366 enim
1457 321 1587 383 quasi
1626 337 1746 383 quo-

342 397 451 444 dam
475 397 763 461 postliminio
790 396 992 458 priscam
1012 411 1060 441 se
1079 412 1374 459 recuperasse
1399 397 1678 456 libertatem,
1704 407 1748 443 et

340 475 480 520 veluti
521 473 639 517 dura
680 473 943 535 captivitate
976 473 1185 532 solutos;
1215 474 1341 534 gravi
1380 475 1517 520 etiam
1547 485 1675 520 metu
1699 492 1747 521 se

340 548 607 612 gaudebant
641 559 905 612 exemptos,
945 565 1040 610 quo
1082 559 1275 612 perante
1316 566 1498 612 pressos
1523 567 1571 597 se
1608 551 1746 597 fuisse

341 626 673 682 meminerant,
701 636 745 671 et
766 625 901 670 valde
920 627 1161 672 exterritos
1200 626 1498 672 atrocissimis
1521 642 1575 672 ac
1594 628 1746 673 saevis-

337 702 464 747 simis
497 701 661 760 minis,
702 717 818 763 quas
845 701 910 747 eis
940 702 1105 765 saepius
1136 702 1370 762 intulerat,
1397 718 1454 748 eo
1482 703 1612 763 quod
1650 704 1748 766 ejus

337 777 570 824 mandatis
603 777 663 823 ad
696 771 864 823 nutum
900 778 1043 841 ipsius
1077 779 1271 824 minime
1306 778 1581 841 paruissent.
1612 779 1747 824 Unde

335 871 433 901 non
461 856 729 901 luctuosum
767 856 839 901 vel
877 856 1115 915 moeroris,
1143 856 1224 901 sed
1249 857 1404 919 potius
1423 856 1667 902 hilaritatis
1703 867 1748 902 et

333 934 495 979 laetitiae
522 934 763 991 nuntium,
796 934 894 995 ejus
923 950 1036 979 nece
1062 933 1247 991 audita,
1280 951 1327 979 se
1350 934 1582 997 accepisse
1613 950 1747 998 repu-

334 1011 513 1057 tabant..

396 1089 513 1135 Satis
533 1097 690 1134 autem
730 1088 840 1132 huic
864 1087 930 1133 rei
954 1086 1181 1132 indicium
1216 1086 1346 1133 dedit
1368 1086 1498 1148 quod
1532 1087 1580 1132 in
1608 1087 1746 1132 nullis

333 1165 478 1211 ferme
499 1164 732 1210 dictarum
754 1173 984 1209 terrarum
1007 1162 1538 1226 insignissimis'oppidis
1554 1199 1566 1222 ,
1594 1179 1746 1225 neque

331 1242 391 1288 ad
428 1245 580 1287 Deum
611 1240 977 1304 supplicationes
1008 1257 1096 1304 pro
1134 1240 1280 1286 salute
1316 1241 1484 1286 animae
1513 1257 1634 1300 suae,
1664 1257 1746 1286 ne-

335 1336 426 1382 que
453 1318 778 1380 exsequiarum
803 1317 1055 1377 solemnia,
1078 1317 1144 1362 uti
1166 1316 1264 1362 fieri
1289 1317 1336 1362 in
1360 1316 1531 1362 talibus
1551 1317 1743 1376 assolet,

334 1396 519 1459 publice
546 1395 674 1441 factae
702 1395 775 1440 vel
799 1394 970 1440 habitae
991 1404 1116 1439 sunt.
1155 1394 1246 1439 Sed
1270 1393 1328 1439 de
1360 1394 1479 1454 hoc,
1522 1394 1665 1440 veluti
1689 1394 1746 1440 de

331 1489 384 1518 ea
416 1489 464 1517 re
491 1472 550 1517 de
576 1488 670 1534 qua
698 1472 813 1517 nulli
836 1472 1009 1516 civium
1038 1472 1109 1516 vel
1133 1471 1432 1517 subditorum
1460 1488 1572 1517 cura
1602 1482 1741 1530 esset,

332 1550 448 1594 mire
465 1549 702 1594 silentium
717 1548 810 1594 sere
836 1547 1012 1610 ubique
1036 1548 1253 1594 habitum
1278 1557 1361 1593 est.
1393 1548 1569 1610 Agebat
1588 1559 1745 1595 autem

331 1635 613 1671 cunctorum
632 1626 816 1671 animos
838 1625 1087 1671 alacriores
1109 1642 1235 1688 spes,
1255 1642 1397 1688 quam
1412 1625 1499 1672 sibi
1514 1642 1746 1689 propone-

332 1702 477 1763 bant,
498 1702 724 1748 libertatis
764 1702 926 1748 futurae
945 1740 956 1761 ,
978 1703 1132 1765 quod,
1159 1719 1216 1748 eo
1235 1703 1450 1750 videlicet
1488 1704 1715 1750 exstincto
1731 1740 1742 1761 ,

334 1796 360 1825 a
384 1779 604 1840 graxiibus
621 1780 710 1825 illis
733 1778 1041 1824 collationum
1066 1789 1111 1824 et
1130 1780 1426 1841 vectigalium
1463 1790 1602 1843 atque
1631 1781 1744 1826 assi-

337 1857 528 1916 siarum,
556 1855 728 1919 quibus
762 1855 849 1901 sub
884 1872 941 1901 eo
975 1855 1333 1919 premebantur,
1361 1856 1585 1903 oneribus
1608 1856 1742 1902 liberi

338 1933 664 1996 immunesque
697 1941 960 1978 manerent.
992 1935 1046 1977 Et
1092 1933 1351 1995 quoniam,
1377 1943 1429 1979 ut
1465 1934 1628 1979 Cicero
1652 1933 1743 1978 ele-

340 2020 502 2070 ganter
526 2011 571 2055 in
599 2010 692 2055 suis
722 2009 898 2055 Officiis
922 2011 1096 2072 inquit,
1144 2029 1165 2053 «
1194 2010 1394 2056 acriores
1431 2020 1539 2056 sunt
1562 2026 1745 2055 morsus

339 2087 609 2132 intermissae
644 2086 892 2145 libertatis,
921 2103 1062 2148 quam
1098 2096 1310 2145 retentae,
1342 2107 1363 2128 »
1390 2086 1617 2132 dictarum
1652 2097 1743 2132 ter-

341 2179 499 2209 rarum
518 2164 708 2227 populi,
738 2164 880 2209 veluti
902 2164 1028 2209 durae
1050 2164 1326 2227 captivitatis
1341 2163 1454 2226 jugo
1473 2164 1641 2227 erepti,
1663 2181 1745 2227 per

340 2242 499 2287 omnia
525 2241 619 2286 fere
643 2241 827 2286 illarum
851 2251 1080 2287 terrarum
1116 2241 1318 2305 oppida,
1366 2241 1587 2287 adversus
1614 2241 1741 2299 illos,

341 2318 421 2380 qui
439 2319 484 2363 in
510 2318 686 2364 eisdem
705 2318 889 2381 oppidis
911 2335 937 2364 a
958 2319 1169 2382 principe
1182 2319 1474 2380 magistratus
1496 2318 1566 2363 vel
1592 2318 1744 2363 officia

339 2405 645 2458 acceperant,
676 2395 813 2440 veluti
839 2412 918 2440 eos
947 2396 1097 2459 ipsos,
1122 2396 1201 2457 qui
1235 2412 1282 2441 se
1301 2395 1417 2441 dure
1442 2405 1580 2457 atque
1604 2395 1744 2441 servi-

340 2472 441 2517 liter
459 2471 796 2534 oppressissent
813 2509 824 2530 ,
852 2472 1088 2534 insurgere
1109 2482 1350 2536 coeperunt
1371 2482 1415 2517 et
1436 2472 1709 2517 tumultuari
1731 2488 1739 2515 :

340 2550 594 2612 praesertim
618 2558 780 2594 contra
809 2548 1012 2607 nobiles,
1045 2550 1125 2611 qui
1156 2550 1202 2595 in
1236 2549 1421 2613 oppidis
1458 2550 1661 2611 regimen
1700 2558 1744 2593 et

339 2624 793 2671 administrationem
826 2624 1103 2670 habuerant.
1134 2629 1189 2670 Et
1211 2642 1265 2671 ex
1296 2626 1404 2688 ipsis
1429 2625 1621 2687 quidem
1647 2641 1744 2670 ma-

338 2700 601 2763 gistratibus
637 2711 776 2764 atque
802 2701 1036 2747 officiariis
1063 2702 1246 2764 plures,
1284 2703 1330 2747 in
1362 2703 1500 2747 variis
1531 2702 1737 2765 oppidis,
