1875 2956
249 222 297 255 §Mi
606 219 940 255 mswmuwm
971 219 1204 255 LUDOVICI
1235 220 1284 256 Xl

247 306 338 351 exit
360 306 417 351 de
443 307 636 351 flumine
659 306 717 351 de
746 304 892 350 Lecka
924 304 1073 367 (quod
1101 305 1274 350 flumen
1309 308 1459 370 portio
1488 316 1555 352 est
1598 316 1643 351 et

248 383 513 430 membrum
562 384 706 429 Rheni
754 382 995 444 fluminis),
1054 382 1267 445 praesidio
1318 385 1517 430 militum
1563 401 1641 430 seu

247 461 546 506 rutherorum
585 459 866 504 munierant.
910 461 1029 504 Cum
1066 468 1220 504 tamen
1262 459 1490 506 incautius
1525 462 1639 521 illic,

246 538 421 601 absque
449 537 554 582 valli
584 537 877 582 munimento
915 547 995 583 aut
1011 538 1171 583 castris
1194 553 1326 582 more
1347 538 1531 584 militari
1554 539 1645 585 dis-

245 616 421 678 positis,
449 630 495 659 se
520 612 814 672 effudissent,
842 630 928 659 nec
956 613 1015 658 ad
1036 613 1379 676 explorandum
1403 616 1644 662 molimina

243 690 630 752 Trajectensium,
666 705 869 751 quorum
894 690 1054 735 civitas
1089 689 1149 735 ab
1178 706 1234 735 eo
1261 690 1368 735 loco
1408 708 1504 736 non
1546 708 1644 757 am-

246 767 365 829 plius
389 782 484 810 uno
508 765 691 811 milliari
712 767 870 829 patriar,
899 776 1078 812 remota
1102 776 1193 825 est,
1221 782 1433 812 cursores
1459 768 1644 830 expedi-

247 852 318 888 tos
333 841 579 902 haberent,
605 842 759 888 subito
778 860 874 888 uno
895 860 1033 889 mane
1049 844 1283 889 irruerunt
1304 844 1350 888 in
1368 860 1448 889 eos
1467 845 1645 907 Trajec-

248 928 396 965 tenses
419 935 527 964 cum
548 919 642 965 suis
663 918 878 975 mulieris,
902 929 944 964 et
965 936 1045 965 eos
1065 919 1319 982 imparatos
1342 935 1451 964 cum
1475 936 1645 983 magno

245 995 448 1041 clamore
472 995 649 1055 adorti,
667 996 713 1040 in
731 994 888 1056 fugam
906 1005 1145 1041 verterunt
1161 1032 1172 1054 ‚
1193 994 1370 1058 absque
1395 998 1646 1043 certamine

244 1072 316 1116 vel
340 1088 513 1135 pugna.
555 1072 667 1117 Caesi
703 1088 755 1117 ex
786 1072 930 1134 ipsius
967 1070 1286 1117 Hollandrinis
1319 1072 1500 1117 circiter
1535 1089 1647 1135 qua-

246 1150 485 1213 draginta,
508 1161 554 1196 et
583 1151 706 1214 capti
744 1151 866 1196 circa
905 1151 1140 1212 sexaginta
1177 1150 1459 1197 ferebantur.
1487 1152 1647 1198 Caeteri

246 1227 307 1274 ad
332 1245 488 1289 naves,
518 1244 633 1290 quas
654 1245 737 1292 per
758 1228 933 1274 flumen
951 1227 1258 1288 advexerant,
1285 1239 1331 1275 et
1353 1229 1482 1289 alias,
1507 1240 1648 1293 prout

245 1322 293 1350 se
331 1307 395 1351 eis
420 1307 746 1370 opportunitas
766 1306 1027 1368 ingerebat,
1053 1307 1324 1369 confugium
1349 1308 1644 1354 invenerunt.

250 1382 536 1429 Bombardas
559 1399 705 1445 usque
731 1383 789 1429 ad
825 1400 1074 1429 numerum
1101 1402 1216 1444 xxx,
1248 1394 1345 1429 tum
1383 1400 1646 1446 grossarum

248 1469 348 1504 tum
378 1460 644 1517 minorum,
688 1461 796 1506 satis
828 1459 1009 1505 nobiles
1052 1477 1158 1506 cum
1192 1461 1375 1524 praeda,
1423 1477 1564 1523 quam
1588 1461 1647 1507 de

249 1536 446 1582 navibus
488 1537 745 1600 expositam
792 1536 838 1580 in
884 1546 1056 1582 terrani
1104 1538 1313 1582 invenire
1366 1546 1642 1600 potuerunt,

248 1628 355 1658 cum
380 1612 592 1676 pluribus
624 1612 902 1657 militaribus
925 1613 1342 1659 Hollandrinorum
1371 1614 1511 1675 signis
1542 1617 1647 1660 Tra-

242 1689 416 1751 jectum
454 1689 500 1733 in
542 1705 675 1735 suam
712 1690 942 1734 civitatem
983 1690 1283 1747 invexerunt,
1329 1707 1437 1735 cum
1474 1707 1645 1752 magno

246 1766 418 1811 civium
444 1766 687 1830 applausu.

309 1842 399 1887 Sed
421 1859 506 1888 nec
531 1859 585 1888 ea
607 1842 762 1888 laetitia
782 1844 846 1888 eis
869 1842 1032 1904 longa,
1052 1859 1137 1888 nec
1154 1843 1299 1889 fausta
1323 1843 1647 1905 hujuscemodi

247 1928 416 1982 tropica
443 1919 735 1976 exstiterunt,
765 1919 1169 1981 quemadmodum
1193 1920 1334 1982 paulo
1358 1930 1463 1982 post
1494 1920 1539 1965 in
1582 1937 1646 1965 se—

245 1996 495 2059 quentibus
520 1997 787 2042 reseremus.
826 2000 882 2042 Ut
922 1996 1047 2042 enim
1075 1997 1242 2042 cecinit
1266 2006 1405 2060 poeta
1432 1997 1643 2058 insignis-

246 2074 387 2118 simus
402 2110 412 2130 ‚

361 2162 506 2202 Nescia
531 2177 647 2203 mens
670 2163 890 2203 hominum
910 2162 984 2202 fati
1007 2163 1208 2219 sortisque
1233 2161 1404 2213 futurae,

361 2230 447 2270 Ncc
471 2246 630 2270 servare
656 2230 846 2279 modum,
874 2230 997 2271 rebus
1022 2230 1183 2271 sublata
1204 2228 1392 2271 secundis
1408 2232 1436 2269 ¹.

311 2325 531 2371 Miserunt
554 2323 752 2370 subinde
781 2324 1093 2386 Trajectenses
1118 2325 1293 2385 legatos
1317 2339 1425 2367 suos
1468 2323 1512 2366 in
1544 2326 1646 2369 ssra-

245 2401 453 2447 bantiani
500 2418 584 2464 pro
624 2400 920 2446 concilianda
961 2416 1075 2463 pace
1114 2416 1221 2445 cum
1265 2399 1383 2444 duce
1424 2399 1611 2444 Austriae
1632 2438 1642 2458 ‚

245 2479 279 2522 si
304 2487 515 2540 possent,
542 2477 720 2522 secluso
744 2476 1006 2539 pontifice?
1034 2478 1101 2521 De
1138 2491 1251 2538 pace
1282 2475 1409 2520 enim
1446 2491 1554 2519 cum
1589 2492 1645 2519 co

298 2586 332 2620 1.
365 2585 414 2619 Cc
434 2582 497 2631 qui
517 2581 587 2618 suit
608 2582 727 2617 forme
748 2594 797 2616 un
819 2593 993 2616 nouvcau
1014 2579 1181 2629 chapitrc
1201 2580 1294 2615 dans
1320 2578 1527 2615 Matthaeus.

296 2647 332 2681 2.
364 2646 466 2681 Cciic
498 2642 717 2680 ainbassade
747 2644 798 2679 sut
829 2642 997 2690 cnvnyce
1036 2644 1055 2677 a
1094 2646 1238 2678 Anvcrs
1275 2654 1321 2678 au
1358 2641 1451 2677 mois
1481 2640 1527 2677 de
1559 2653 1642 2690 sep-

246 2707 388 2744 tombs(¹
416 2709 525 2745 1481.
