1875 2956
699 243 843 278 LIBER
876 240 1126 277 SEPTIMUS.
1530 242 1598 277 171

269 331 376 374 Haec
395 338 492 375 erat
509 329 756 376 clementia
779 346 920 391 quam
945 329 1071 392 apud
1097 344 1205 373 eum
1224 327 1455 390 supplices
1480 326 1605 370 inve-

206 405 414 451 niebant.
449 409 513 451 Ex
542 406 614 452 his
644 407 876 470 pecuniis,
913 406 977 450 sic
1009 421 1064 451 ex
1093 405 1317 466 sanguine
1348 418 1608 466 pauperum

205 482 411 540 extortis,
438 499 542 529 suas
570 483 838 545 largitiones
872 481 1095 540 faciebat,
1134 496 1304 542 easque
1336 489 1433 525 tam
1469 488 1611 524 teme—

208 560 348 605 rarias
369 570 413 605 et
430 559 776 617 immoderatas⁷
803 568 854 603 ut
873 559 1086 621 plurimis
1112 557 1282 603 nullius
1305 572 1497 620 prorsus
1519 572 1612 601 me-

208 637 298 694 riti,
331 637 412 683 sed
446 638 547 683 vilis
584 635 869 682 conditionis
898 634 1173 680 hominihus
1199 649 1393 695 magnas
1423 632 1611 695 pensio-

209 727 290 756 nes
324 711 567 757 annuatim
600 709 923 766 constitueret;
947 708 1020 753 vel
1046 707 1105 753 de
1131 708 1274 771 regali
1306 706 1610 770 patrimonio,

209 783 267 829 de
291 801 403 847 quo,
437 785 473 830 si
499 784 620 845 juste
654 783 784 844 regni
815 782 1190 828 moderationem
1222 780 1611 839 administrasset,

211 858 444 904 debuisset
472 857 642 914 vivere,
676 855 1015 919 pulcherrimas
1052 855 1294 919 portiones
1326 854 1498 918 passim
1528 853 1615 899 do—

211 943 342 980 naret
374 943 512 994 atque
543 932 805 978 alienaret¹.
836 931 971 976 Unde
997 931 1045 975 in
1082 929 1371 975 Normannia
1396 944 1616 990 magnam

212 1016 390 1069 partem
412 1006 866 1062 vicecomitatuum‘ss
894 1005 941 1050 in
965 1003 1136 1067 quibus
1159 1004 1369 1050 consistit
1392 1003 1617 1066 patrimo-

215 1083 347 1128 nium
370 1083 544 1144 regale,
577 1083 714 1128 variis
738 1092 783 1127 et
805 1081 997 1128 diversis
1023 1081 1217 1127 donavit
1232 1118 1242 1138 ‚
1270 1090 1315 1126 et
1337 1080 1547 1125 similiter
1570 1080 1616 1124 in

215 1158 314 1204 aliis
332 1159 461 1220 regni
476 1158 687 1222 partibus
711 1158 839 1215 fecit3
862 1158 1075 1219 quamuis
1096 1157 1247 1214 initio,
1274 1173 1382 1202 cum
1396 1157 1443 1201 in
1464 1171 1619 1217 regem

216 1235 435 1282 inunctus
466 1245 511 1281 et
542 1245 753 1298 receptus
779 1235 887 1292 suit,
911 1235 1031 1279 inter
1056 1234 1145 1279 alia
1172 1234 1375 1296 capitula
1399 1250 1500 1295 quae
1527 1249 1620 1277 ser-

215 1321 403 1357 vaturos
418 1328 464 1358 se
486 1312 584 1357 fore
606 1328 734 1373 reges
743 1312 900 1373 jurare
921 1311 1071 1356 solent
1089 1310 1288 1355 solemni
1309 1318 1618 1365 sacramento,

216 1389 502 1450 promisisset
540 1387 877 1450 patrimonium
916 1387 1011 1431 sive
1052 1386 1316 1431 dominium
1351 1401 1488 1430 suum
1524 1401 1620 1430 non

216 1464 442 1523 alienare,
476 1464 557 1508 sed
580 1465 814 1524 integrum
839 1479 1047 1522 servare,
1073 1479 1127 1508 ac
1150 1462 1207 1508 de
1232 1462 1400 1508 eodem
1424 1462 1620 1508 alienata

217 1539 276 1584 ad
294 1540 369 1601 jus
392 1556 580 1585 coronae
600 1555 838 1584 revocare.
867 1540 1019 1601 Atqui,
1050 1549 1100 1585 ut
1120 1540 1247 1604 apud
1271 1540 1500 1602 tragicum
1521 1541 1622 1602 qni-

218 1614 327 1662 dam
347 1616 508 1662 similis
533 1617 596 1662 ait
620 1633 629 1659 :

522 1727 724 1767 Sanctitas
742 1759 752 1779 ,
772 1727 904 1784 pietas
918 1760 928 1780 ‚
963 1727 1065 1768 fides

337 1795 498 1835 Privata
522 1795 635 1835 bona
654 1805 774 1847 sunt3
800 1810 883 1851 quo
899 1797 1015 1850 juvat
1035 1811 1150 1853 reges
1171 1806 1290 1843 eant;

288 1906 341 1948 Et
365 1905 491 1963 item,

477 2006 603 2059 Quod
627 2007 732 2056 Jovi‚
760 2008 842 2048 hoc
865 2008 949 2066 regi
973 2008 1125 2064 [licet];

224 2120 494 2181 nullamque
538 2120 612 2165 vel
655 2120 976 2182 permodicam
1019 2121 1076 2166 de
1114 2121 1400 2184 patrimonio
1432 2122 1502 2167 vel
1548 2121 1629 2167 do-

225 2198 372 2242 minio
392 2213 476 2242 suo
501 2197 854 2242 aestimationem
873 2197 1094 2258 faciebat3
1117 2198 1197 2244 sed
1218 2199 1370 2244 solum
1391 2199 1630 2260 vectigalia

226 2281 271 2317 et
291 2271 506 2317 collectas
529 2271 576 2316 in
601 2271 752 2333 pretio
776 2281 819 2316 et
842 2272 1145 2319 aestimatione
1169 2272 1344 2319 habere
1363 2272 1624 2319 videbatur.

282 2411 298 2444 1
311 2437 318 2445 .
347 2411 417 2445 Ms.
437 2410 596 2445 donarat
618 2418 728 2457 atque
746 2413 948 2447 alienarat.

282 2471 319 2506 2.
350 2472 401 2506 Le
421 2470 597 2516 viconite,
623 2472 883 2521 representant
903 2472 948 2508 de
968 2472 1154 2509 l'autorite
1177 2472 1358 2522 pnblique
1379 2472 1470 2508 dans
1493 2472 1545 2507 les
1564 2484 1628 2521 pe-

232 2531 313 2568 tites
333 2533 436 2570 villes
456 2535 502 2571 de
521 2528 772 2582 Nornuindie,
800 2537 887 2573 etait
908 2539 928 2573 a
948 2536 983 2573 la
1001 2537 1070 2573 sois
1086 2536 1176 2586 juge
1190 2565 1199 2581 ,
1220 2536 1474 2572 conlinissaire
1494 2534 1540 2570 de
1562 2548 1629 2584 po-

232 2592 322 2637 lice,
350 2605 459 2644 agent
486 2611 605 2646 voyer
629 2607 664 2634 et
690 2611 871 2635 receveur
898 2599 948 2635 du
968 2599 1156 2635 domaine.
1189 2598 1320 2634 C’e'tait
1348 2612 1396 2634 un
1433 2598 1541 2633 office.
1567 2597 1631 2646 qni

233 2653 468 2701 s'affer1nait3
491 2658 542 2694 les
561 2659 782 2696 alienations
807 2661 897 2697 dont
929 2674 967 2696 se
990 2660 1105 2709 plaint
1128 2660 1289 2696 l'autenr
1308 2659 1493 2708 portaient
1514 2672 1578 2695 sur
1598 2659 1631 2694 le

237 2727 376 2752 revenit
394 2716 440 2752 de
462 2718 495 2754 la
517 2719 644 2757 ferme.
