1875 2956
219 222 266 256 22
579 225 915 259 HISTORIARUM
952 226 1183 263 LUDOVICI
1213 230 1266 264 XI

220 308 352 368 fidia,
388 326 670 371 suarumque
704 310 1018 356 inconstantia
1053 323 1098 357 et
1123 315 1404 364 invaliditate
1430 319 1625 382 promis-

219 386 429 445 sionum,
452 387 664 431 omnium
684 386 852 430 animis
877 386 1017 433 infixa
1041 390 1290 451 manebat,
1326 405 1372 439 ut
1394 395 1623 458 quidquid

217 472 406 525 pactum
430 462 488 508 de
529 478 585 507 eo
618 461 690 507 vel
712 464 1055 525 expromissum
1093 475 1328 522 tenerent,
1368 471 1507 516 etiam
1537 470 1622 515 sub

216 540 381 600 quavis
397 538 701 599 jurisjurandi
726 538 926 587 formula
947 541 1242 599 roboratum,
1264 544 1380 590 nihil
1396 562 1443 591 se
1461 547 1622 593 efficax

216 626 260 660 et
285 615 342 661 de
361 631 455 677 quo
496 615 728 661 ullatenus
758 628 949 680 possent
970 618 1235 679 confidere,
1266 622 1409 682 egisse
1434 624 1626 669 aestima-

215 702 347 749 rent3
387 692 468 736 sed
500 692 657 754 potius
700 709 784 739 sua
808 710 1006 757 quaeque
1035 707 1326 743 sacramenta
1354 708 1399 743 et
1428 698 1620 757 foedera,

216 779 441 829 tanquam
482 770 675 815 reticula
716 781 761 816 et
802 770 1042 834 decipulas
1067 773 1240 835 quibus
1266 785 1545 837 caperentur
1582 787 1622 822 et

218 845 506 891 irretirentur
530 847 729 902 incauti,
753 864 839 893 nec
859 849 989 907 aliaS,
1015 851 1288 913 accipienda
1312 851 1556 913 putabant.

682 1059 1019 1103 CAPITULUM
1055 1061 1133 1103 Vll
1146 1094 1155 1102 .

270 1188 460 1230 Quomodo
480 1201 539 1222 rex
558 1189 726 1222 ducatum
750 1191 964 1236 Burgundiie
991 1192 1120 1237 absque
1140 1193 1233 1227 bello
1251 1195 1429 1239 acquisivit
1447 1222 1454 1235 ‚
1477 1204 1507 1227 et
1527 1195 1569 1227 de

680 1246 792 1293 prima
810 1249 994 1283 obsidione
1012 1252 1165 1285 Dolensi.

285 1389 429 1430 Porro
450 1385 804 1448 hujuscemodi,
832 1398 885 1434 ut
921 1388 1149 1447 diximus,
1184 1391 1485 1435 matrimonio
1519 1408 1629 1436 con-

218 1473 366 1508 tracto
379 1479 462 1526 per
478 1463 623 1509 verba
640 1464 698 1509 de
710 1466 925 1527 praesenti
939 1501 950 1523 ,
970 1467 1016 1510 in
1035 1467 1250 1512 notitiam
1268 1468 1385 1528 regis
1402 1467 1623 1525 deducto,

220 1555 328 1584 cum
352 1539 529 1585 videret
572 1557 619 1586 se
645 1551 853 1603 spretum
877 1551 916 1586 et
962 1552 1316 1606 contemptum,
1356 1543 1540 1603 gravius
1580 1545 1625 1589 in

220 1631 301 1660 eos
325 1616 468 1678 ipsius
509 1616 702 1674 odium,
749 1617 955 1663 furorem
993 1628 1133 1681 atque
1159 1619 1533 1680 indignationem
1574 1636 1628 1665 ea

219 1709 292 1739 res
324 1693 565 1751 accendit3
596 1703 641 1739 et
665 1695 797 1756 quod
820 1697 1033 1758 perprius
1066 1696 1243 1741 nedum
1269 1697 1427 1759 palam
1457 1707 1505 1741 ut
1538 1697 1626 1741 ini-

220 1772 385 1829 micus,
413 1770 496 1816 sed
512 1771 668 1833 potius
684 1772 811 1817 velut
832 1781 959 1818 tutor
985 1783 1065 1818 aut
1082 1783 1271 1819 curator
1287 1773 1541 1834 legitimus,
1579 1774 1627 1818 in

221 1847 430 1893 favorem
448 1863 540 1893 suae
556 1847 709 1893 filiolae
723 1865 771 1894 se
791 1850 980 1909 gessisse
1003 1859 1050 1894 et
1067 1850 1127 1895 ad
1154 1850 1271 1911 juris
1291 1851 1359 1895 sui
1382 1865 1628 1895 conserva-

221 1925 401 1969 tionem
421 1935 466 1971 ct
484 1925 731 1971 utilitatem
746 1927 1019 1988 jactaverat,
1039 1928 1136 1989 jani
1153 1927 1394 1972 manifeste
1415 1937 1462 1971 ut
1483 1927 1628 1972 hostis

223 2016 359 2061 agere
394 2003 550 2065 coepit.
588 2005 849 2049 Contractis
890 2021 1094 2066 namque
1141 2021 1194 2050 ex
1235 2015 1332 2049 toto
1368 2020 1512 2063 regno
1543 2019 1627 2047 suo

225 2080 371 2141 copiis
390 2080 599 2141 equitum
625 2090 763 2142 atque
778 2081 1013 2143 peditum,
1038 2098 1140 2143 quae
1171 2081 1380 2144 profecto
1417 2081 1628 2126 maximae

225 2166 373 2212 erant,
396 2157 494 2201 cui¹
520 2157 660 2203 etiam
683 2167 830 2203 totam
856 2160 985 2218 regni
1013 2159 1081 2203 sui
1108 2158 1398 2204 nobilitatem
1423 2174 1530 2202 cum
1547 2158 1628 2203 ad-

225 2233 450 2290 scivisset,
472 2234 576 2293 igue
600 2244 646 2279 et
670 2234 789 2279 ferro
814 2244 958 2280 terras
988 2236 1275 2298 principissae
1308 2234 1494 2295 aggredi
1520 2251 1627 2297 pro-

227 2311 432 2373 peravit3
474 2321 519 2356 et
542 2312 773 2374 populans
804 2328 939 2372 agros
970 2323 1109 2374 atque
1136 2321 1421 2375 pervastanS,
1448 2312 1629 2357 colonis

226 2388 297 2433 vel
320 2389 482 2433 occisis
502 2389 570 2433 vel
601 2389 795 2452 captivis
831 2389 1062 2445 abductis,
1103 2390 1232 2435 villas
1252 2405 1626 2451 quaquaversum

229 2482 308 2527 per
322 2482 430 2510 suos
449 2466 635 2510 incendi
662 2465 859 2511 faciebat
886 2467 930 2510 in
960 2467 1191 2524 Picardia,
1216 2467 1465 2511 Hannonia
1490 2475 1628 2527 atque

226 2541 456 2588 Flandria.

287 2700 318 2736 1.
353 2698 469 2733 Plutoz
493 2697 643 2746 quihus,
666 2698 755 2733 mais
776 2707 875 2734 tout<-
896 2698 928 2734 la
952 2700 1084 2748 plvruw
1107 2697 1222 2749 pulait
1245 2700 1398 2737 alivi-cc.
