1875 2956
677 284 818 319 LIBER
848 284 1111 319 SECUNDUS.
1525 282 1592 317 371

202 372 549 431 controversiae,
598 372 645 416 in
686 372 856 434 quibus
899 372 956 417 de
1001 370 1273 417 differentiis
1317 367 1601 431 jurisdictio-

200 464 314 492 num
357 448 773 494 occlesiasticarum
816 458 862 493 et
906 447 1226 504 saecularium,
1267 444 1340 492 vel
1380 445 1601 490 immuni—

199 521 370 568 tatibus
413 539 724 585 personarum
766 533 811 567 et
854 539 1010 567 rerum
1055 521 1476 568 ecclesiasticarum
1520 536 1601 565 seu

200 598 523 660 religiosorum
572 600 787 645 locorum
840 598 1168 656 contenditur,
1219 597 1279 643 ad
1334 612 1450 659 quas
1504 613 1602 641 non

199 675 345 720 modo
385 675 696 722 decurtandas
739 684 784 720 et
819 674 1163 737 praecidendas,
1210 673 1292 720 sed
1332 673 1459 719 velut
1500 689 1604 718 era-

198 751 423 798 dicandas
459 761 503 796 et
543 750 903 812 exstinguendas
946 761 1043 796 tota
1086 751 1316 797 saecularis
1358 750 1605 796 advocatio

199 839 459 890 cunctaque
512 829 748 873 curiarum
788 828 1118 891 temporalium
1167 827 1321 873 officia
1368 827 1415 871 in
1461 843 1606 888 regno

199 907 485 950 Francorum
502 940 514 962 ,
550 914 593 949 et
618 905 857 967 potissime
896 905 942 949 in
979 914 1139 950 nostra
1164 904 1476 962 Normannia,
1500 920 1609 949 con-

199 983 393 1045 spirasse
417 981 652 1027 videntur.
678 984 852 1027 Verum
873 998 982 1027 cum
1002 982 1062 1028 ad
1083 981 1404 1028 venerabilem
1430 980 1608 1026 curiam

198 1059 471 1121 parlamenti
506 1075 589 1121 per
620 1058 987 1122 appellationem
1010 1076 1091 1104 seu
1122 1076 1205 1122 per
1233 1059 1359 1104 viam
1383 1068 1609 1119 requestae

198 1144 278 1180 aut
318 1135 429 1181 alias
474 1136 587 1181 tales
629 1136 826 1197 querelae
873 1134 1165 1194 deferuntur,
1218 1135 1326 1180 licet
1369 1150 1519 1180 causae
1561 1134 1608 1177 iu

199 1211 298 1273 ipsa
334 1212 463 1258 curia
501 1228 600 1257 non
644 1212 807 1256 lexiter
844 1228 929 1256 nec
976 1211 1108 1257 facile
1142 1212 1482 1268 terminentur,
1528 1209 1609 1255 sed

199 1289 363 1350 saepius
388 1298 495 1351 post
529 1289 694 1350 longas
735 1289 927 1334 demum
957 1289 1182 1351 temporis
1220 1303 1378 1333 moras
1408 1285 1611 1332 labores-

199 1379 289 1425 que
331 1364 561 1427 plurimos
603 1374 647 1409 et
695 1381 953 1428 expensas,
999 1364 1235 1409 interdum
1286 1373 1443 1409 tamen
1501 1362 1610 1407 satis

199 1440 349 1485 vicine
393 1451 439 1486 et
486 1440 774 1486 confirmiter
816 1441 876 1487 ad
911 1441 1088 1503 jurium
1127 1439 1484 1503 dispositionem
1522 1438 1610 1483 de·-

200 1516 421 1562 ciduntur
443 1527 487 1562 et
511 1517 825 1577 diffiniuntur,
857 1518 1162 1580 ferunturque
1197 1515 1435 1562 sententiae
1470 1515 1610 1561 etiam

199 1592 454 1654 aliquando
499 1603 664 1640 contra
702 1594 855 1655 regios
899 1604 1230 1657 procuratores
1273 1593 1610 1655 curiarumque

199 1667 436 1729 officiales,
464 1679 531 1727 et,
561 1671 598 1715 si
628 1671 742 1733 quid
768 1670 999 1716 violentiae
1037 1681 1117 1717 aut
1153 1670 1333 1733 injuriae
1368 1670 1610 1715 maniFeste

199 1746 400 1791 ecclesiae
421 1747 687 1807 irrogarint,
715 1747 953 1792 interdum
973 1748 1142 1809 corrigi
1169 1757 1213 1792 et
1240 1746 1396 1810 puniri
1428 1746 1607 1804 solent,

199 1822 264 1867 sic
300 1822 429 1883 quod
472 1839 656 1885 semper
695 1823 926 1868 nonnulla
967 1839 1071 1886 spes
1111 1832 1271 1868 manet
1310 1822 1610 1868 ecclesiarum

199 1899 402 1961 praelatis
425 1908 471 1944 et
506 1898 793 1959 rectoribus,
832 1898 1003 1961 quibus
1042 1899 1102 1944 ad
1135 1898 1408 1961 hujusmodi
1448 1915 1609 1962 supre-

199 1993 331 2022 mum
375 1975 579 2023 tribunal
630 1978 768 2022 curiae
815 1976 1094 2040 parlamenti
1143 1993 1383 2022 recursum
1435 1975 1609 2022 habere

199 2054 500 2116 permittitur,
554 2071 690 2099 suum
733 2054 808 2115 jus
862 2062 1118 2115 utcumque
1174 2052 1400 2114 consequi
1459 2053 1604 2100 illata-

200 2145 399 2192 rumque
435 2131 708 2193 injuriarum
744 2147 825 2176 seu
848 2131 1179 2176 violentiarum
1215 2129 1502 2192 condignam
1538 2148 1610 2176 re-

200 2211 493 2270 parationem
531 2207 777 2253 obtinendi
810 2225 818 2251 :
861 2206 1266 2269 quemadmodum
1303 2224 1421 2271 saepe
1453 2217 1609 2254 actum

201 2283 337 2329 fuisse
377 2285 540 2348 priscis
579 2283 871 2348 temporibus
915 2294 1054 2347 atque
1098 2284 1335 2330 interdum
1380 2285 1609 2330 recentio-

202 2359 355 2420 ribus,
396 2362 581 2424 parcius
612 2371 658 2407 et
699 2362 846 2407 rarius
883 2362 1013 2421 licet,
1054 2371 1351 2424 compertum
1379 2370 1461 2407 est.
1496 2364 1609 2417 Quat

202 2453 274 2481 res
296 2438 667 2484 consolationem
701 2438 868 2499 ingerit
898 2454 1118 2499 magnam
1148 2438 1258 2501 ipsis
1289 2438 1513 2500 praelatiS,
1543 2438 1610 2482 iu-

197 2514 370 2575 juriam
393 2531 474 2559 seu
505 2515 789 2562 calumniam
813 2515 976 2579 passis,
1005 2515 1077 2560 vel
1103 2515 1335 2579 oppressis
1367 2514 1609 2575 iniquitate

203 2601 246 2636 et
291 2591 403 2636 dolo
440 2592 714 2638 inferiorum
735 2592 949 2655 judicum
981 2609 1063 2637 seu
1087 2591 1368 2637 officiorum.
1397 2590 1530 2653 Atqui
1562 2591 1607 2635 in

204 2668 446 2730 provincia
475 2670 802 2728 Normanniae,
835 2668 915 2714 ubi
940 2669 1248 2731 provinciales
1275 2668 1384 2714 solis
1417 2666 1610 2730 quibus·

207 2744 316 2790 dam
342 2745 763 2791 consuetudinibus
803 2746 1083 2805 innituntur,
1110 2755 1153 2791 et
1180 2744 1360 2807 judices
1391 2754 1436 2790 et
1465 2744 1609 2790 advo-
