1875 2956
206 247 281 283 263
774 248 1020 284 APOLOGIA
1036 276 1045 292 ,

205 334 376 397 quibus
399 335 459 382 ad
483 335 675 399 plenum
699 350 854 380 rerum
873 351 975 397 quae
1000 335 1280 397 gerebantur
1298 347 1344 382 et
1365 338 1605 401 plagarum

204 429 306 475 quae
330 429 356 459 a
376 411 677 458 venatoribus
703 411 1018 458 tendebantur
1037 411 1226 476 praesato
1248 414 1446 477 principi
1469 427 1607 478 atque

204 491 298 536 suis
316 528 327 550 ‚
357 491 560 554 plurium
584 489 676 535 fide
700 489 952 551 dignorum
977 490 1225 548 relatione,
1257 491 1423 536 veritas
1452 495 1605 554 agnita

204 577 330 626 erat,
366 577 583 613 coactum
615 567 772 612 fuisset
805 566 1014 628 ejusdem
1047 567 1294 631 principis,
1336 583 1392 612 eo
1428 568 1474 613 in
1506 570 1606 632 ipso

204 645 296 690 illic
320 646 647 704 interessente,
673 645 950 704 consilium,
983 654 1030 692 et
1056 646 1104 690 in
1142 661 1199 690 eo
1233 661 1261 690 a
1292 643 1429 690 nobis
1459 655 1502 691 et
1527 663 1609 709 per

204 737 291 766 nos
314 737 368 767 ea
391 738 493 783 quan
521 721 834 769 imminebant
864 732 910 768 et
927 723 1214 785 jamjamque
1249 723 1492 786 praesentia
1520 740 1608 769 un-

203 796 344 858 dique
377 798 717 860 impendebant
741 799 948 863 pericula
965 836 976 858 ,
1006 800 1142 845 simul
1169 808 1214 844 et
1237 816 1339 862 quae
1371 799 1609 845 retulimus

203 873 262 918 de
279 873 489 920 Ebroicis
505 884 550 921 et
567 878 787 922 Vernone
804 878 1142 940 copiarumque
1164 877 1396 938 regiarum
1416 892 1608 922 accursu

203 952 430 997 recensita
452 961 498 997 et
519 963 732 1000 enarrata
758 954 974 1010 fuissent,
1008 955 1158 1000 annisi
1182 953 1487 999 nibilominus
1504 963 1610 999 sunt

203 1029 309 1089 qni,
339 1030 406 1074 uti
433 1028 635 1075 diximus
655 1068 667 1089 ,
701 1047 799 1076 non
827 1031 996 1092 injuria
1022 1032 1200 1076 censeri
1230 1039 1449 1094 poterant
1482 1046 1611 1076 com—

202 1104 345 1166 plices
372 1116 417 1151 et
449 1107 697 1170 participes
731 1107 968 1167 factionis,
996 1108 1152 1153 adhuc
1175 1109 1217 1154 ei
1241 1106 1435 1153 suadere
1460 1107 1527 1152 uti
1549 1106 1608 1153 ab

202 1180 282 1225 illo
296 1180 403 1227 loco
421 1182 673 1229 abscedere
696 1200 794 1229 non
813 1184 1022 1241 deberet,
1047 1184 1129 1229 sed
1147 1183 1303 1230 adhue
1324 1183 1389 1229 ibi
1406 1184 1608 1246 opperiri

202 1266 342 1318 atque
362 1269 627 1323 exspectare
646 1260 902 1325 saepedictae
921 1262 1054 1324 regife
1071 1262 1315 1323 legationis
1334 1260 1606 1306 adventum.

203 1335 417 1389 Quorum
442 1337 653 1400 profecto
678 1339 714 1384 si
737 1338 944 1384 consiliis
963 1339 1139 1385 dolosis
1160 1348 1300 1401 atque
1324 1337 1515 1402 perfidis
1539 1353 1611 1383 ac-

205 1411 483 1471 quiescitum
508 1415 686 1472 suisset,
717 1416 910 1461 minime
938 1431 1033 1462 nox
1064 1417 1281 1480 proxima
1305 1415 1365 1461 ad
1391 1430 1609 1460 auroram

204 1490 488 1548 pervenisset
526 1492 641 1552 quin
671 1507 720 1537 se
754 1492 851 1554 ipse
887 1495 1094 1555 optimus
1123 1493 1343 1555 princeps
1375 1508 1484 1537 cuni
1518 1492 1610 1536 suis

202 1564 451 1611 hostilibus
481 1568 642 1612 castris
680 1566 773 1612 illic
806 1569 1083 1613 conclusum
1113 1578 1250 1630 atquc
1286 1569 1508 1612 vallatum
1539 1569 1608 1611 in-

202 1641 416 1686 venisset.
449 1642 541 1688 Sed
565 1660 653 1689 nos
675 1660 786 1689 cum
810 1645 967 1691 multis
989 1644 1143 1691 eidem
1166 1646 1367 1708 principi
1394 1644 1609 1690 fidelibus

203 1728 248 1763 et
288 1718 625 1780 devotissimis,
656 1723 766 1767 satis
800 1723 956 1768 multis
986 1739 1042 1768 ex
1076 1723 1356 1784 conjecturis
1385 1738 1609 1785 quorsum

202 1795 529 1857 hujuscemodi
582 1797 878 1844 fraudulenta
913 1798 1109 1846 consilia
1144 1799 1510 1857 contenderent,
1553 1799 1611 1843 de

204 1870 394 1916 veritate
427 1888 586 1917 rerum
617 1888 734 1934 quas
766 1872 1025 1931 retulimus,
1053 1874 1357 1920 certissimam
1384 1874 1612 1920 habentes

204 1947 447 1993 notionem
466 1986 477 2008 ,
517 1948 650 1994 facile
680 1949 850 1995 eadem
880 1950 1078 1996 consilia
1098 1951 1375 2005 evertimus,
1410 1960 1484 2008 et,
1520 1953 1612 1995 Do-

205 2022 335 2067 mino
376 2024 562 2070 volente
578 2061 590 2082 ‚
640 2024 887 2071 salubriter
924 2026 1103 2072 eisdem
1149 2025 1430 2072 obstitimus,
1476 2026 1610 2070 Unde

205 2101 373 2146 nostris
402 2102 813 2149 adhortationibus
831 2102 955 2149 idem
980 2104 1216 2167 princeps,
1247 2112 1291 2148 et
1315 2103 1395 2165 qui
1417 2102 1612 2148 fideliter

204 2177 245 2221 ei
270 2178 610 2236 inserviebant,
642 2179 854 2225 videntes
882 2179 1010 2225 aliud
1030 2181 1130 2242 jam
1154 2197 1250 2225 non
1277 2195 1514 2241 superesse
1540 2196 1610 2224 re-

205 2253 411 2299 medium
430 2291 441 2313 ,
476 2256 630 2300 statim
664 2266 770 2318 post
798 2256 1041 2302 meridiem
1065 2255 1331 2301 conscensis
1357 2255 1486 2316 equis
1524 2257 1611 2299 nii—

205 2340 388 2390 grantes
409 2347 434 2375 e
465 2331 768 2389 Loco-Veris,
809 2347 905 2394 quo
933 2332 1030 2392 jam
1065 2348 1214 2395 prope
1241 2331 1371 2376 omni
1396 2348 1450 2375 ex
1483 2341 1611 2393 parte

205 2406 380 2453 obsessi
400 2406 727 2468 cingebantur,
754 2407 813 2452 ad
834 2408 1220 2453 Pontem-Archae
1235 2443 1247 2461 ,
1272 2424 1428 2454 arcem
1447 2407 1612 2453 sirmis-

204 2485 370 2529 simam
389 2520 401 2542 ,
425 2483 802 2547 pernoctandum
827 2494 1074 2529 venerunt.

205 2611 304 2638 actes
328 2603 378 2639 (1η
406 2603 458 2639 roi
473 2631 482 2646 ,
502 2602 612 2652 aprcs
637 2602 674 2638 la
700 2602 792 2639 suite
811 2601 859 2638 (le
879 2614 946 2637 son
968 2602 1064 2638 fri-re
1084 2615 1130 2638 en
1153 2604 1336 2652 Bretagne
1352 2630 1361 2647 ,
1383 2602 1439 2637 sut
1458 2601 1504 2636 dc
1523 2613 1614 2637 con-

205 2665 344 2712 fisqucr
366 2664 417 2699 les
438 2663 544 2700 biens
569 2664 616 2700 de
641 2664 676 2700 la
701 2664 845 2700 maison
872 2663 1090 2700 d'Amboise
1117 2673 1153 2699 et
1185 2664 1231 2699 de
1264 2663 1356 2699 faire
1387 2662 1551 2699 ‹letruire
1580 2663 1613 2699 le

204 2725 362 2761 chz'iteau
385 2725 431 2760 de
453 2725 892 2763 Chaumont-sur-Loire.
