1875 2956
705 236 846 271 LIBER
877 234 1073 270 SEXTUS.
1531 242 1578 276 35

189 318 448 382 bellicoque
463 332 708 384 apparatu,
727 321 995 383 hujusmodi
1012 331 1238 366 terrarum
1252 322 1426 384 oppida
1446 339 1581 370 occu-

187 410 319 456 pare,
344 410 446 456 quae
469 413 555 442 nec
574 397 795 460 praesidiis
824 397 1024 441 militum
1051 396 1254 453 munita,
1281 412 1368 442 nec
1391 412 1581 445 annona

186 469 244 515 ad
268 471 461 532 longum
485 483 667 536 tempus
691 473 919 518 ullatenus
941 471 1150 534 provisa,
1178 488 1263 518 nec
1289 489 1369 536 spe
1392 489 1581 519 succur-

186 563 261 592 sus
306 559 444 611 atque
493 551 655 596 solatia
704 548 1024 594 subventionis
1066 564 1093 594 a
1137 564 1379 611 quoquam
1423 567 1583 596 conse-

185 625 377 685 quendi,
416 626 601 671 suffulta
641 634 797 681 erant;
839 624 920 670 sed
963 626 1026 686 (et
1059 625 1188 687 quod
1227 628 1441 672 omnium
1484 644 1585 690 pes-

185 701 353 747 simum
412 713 550 764 atque
597 701 829 748 exitiabile
879 702 996 762 erat)
1043 702 1090 746 in
1134 703 1390 766 semetipsis
1435 704 1582 749 divisa

184 777 434 824 inimicitiis
470 779 734 824 domesticis
759 788 898 839 atque
924 778 1044 823 odiis
1072 778 1368 826 refertissima
1401 781 1584 826 exsiste-

183 852 319 913 bant,
346 855 407 901 ita
429 865 479 899 ut
507 871 603 900 non
630 854 757 901 aliud
778 855 826 900 in
852 854 1041 916 singulis
1064 853 1208 900 ferme
1232 856 1419 919 oppidis
1438 872 1579 918 quam

182 927 327 972 turbae
349 938 393 973 et
409 928 633 974 tumultus
657 938 703 974 et
725 929 1005 992 optimatum
1027 928 1354 975 exstinctiones
1388 946 1442 976 ac
1473 946 1582 993 pro-

181 1005 455 1067 scriptiones
480 1015 742 1066 agerentur.

668 1191 1003 1235 CAPITULUM
1039 1191 1094 1234 X.

179 1312 372 1345 admiratio
399 1323 460 1344 cur
490 1322 561 1344 nou
586 1310 689 1343 fuerit
716 1310 814 1343 aliter
838 1309 902 1343 sibi
931 1309 1143 1343 arridentem
1163 1310 1340 1343 fortunam
1358 1319 1582 1355 prosecutus,

226 1376 304 1401 ante
331 1366 519 1400 adventum
534 1366 783 1407 Maximiliani,
806 1365 865 1398 scd
888 1378 907 1398 a
922 1365 1065 1399 feliciter
1083 1379 1102 1399 a
1118 1378 1152 1398 se
1174 1366 1292 1411 coeptis
1308 1365 1488 1409 destiterit,
1508 1376 1585 1401 tau-

225 1422 408 1456 tummodo
431 1422 638 1467 quibusdam
665 1421 958 1455 incursationibus
983 1429 1015 1455 et
1032 1434 1197 1468 agrorum
1216 1422 1505 1469 populationibus
1522 1437 1584 1470 per

224 1492 304 1512 suos
323 1478 460 1512 interim
480 1478 590 1513 factis.

241 1589 381 1650 Atqui
401 1604 484 1634 cur
507 1588 744 1633 fortunam
763 1604 895 1633 suam
921 1589 1195 1648 secundam,
1214 1606 1315 1652 quae
1335 1591 1398 1638 ita
1419 1594 1581 1656 coeptis

176 1666 267 1711 suis
299 1668 511 1712 arriserat
543 1676 588 1711 et
622 1665 683 1711 ad
713 1675 876 1711 caetera
905 1667 1239 1728 consequenda
1270 1684 1355 1730 pro
1380 1679 1491 1714 voto
1527 1686 1581 1716 ac

176 1741 405 1788 desiderio
439 1760 524 1788 suo
562 1743 686 1788 viam
725 1742 1121 1805 expeditissimam
1160 1753 1412 1790 ostentasse
1453 1745 1580 1791 vide-

174 1818 329 1877 batur,
357 1820 549 1864 minime
574 1836 651 1865 rex
690 1819 823 1864 fuerit
849 1829 1145 1882 prosecutus,
1173 1838 1270 1866 non
1296 1822 1436 1867 aliam
1468 1839 1578 1870 cau·

175 1911 273 1941 sam
294 1896 537 1957 imaginari
560 1913 641 1941 seu
657 1897 860 1957 cogitare
879 1913 1141 1959 possumus,
1161 1898 1247 1943 nisi
1271 1898 1400 1959 quod
1419 1899 1579 1947 divina

173 1972 319 2034 pietas
349 1982 395 2017 et
427 1971 698 2031 clementia,
726 1972 814 2034 piis
851 1972 1117 2033 aliquorum
1152 1973 1432 2020 devotorum
1467 1975 1579 2022 fide-

173 2048 288 2094 lium
307 2049 476 2095 inflexa
498 2048 919 2113 supplicationibus
940 2060 985 2094 et
1010 2050 1228 2114 precibus
1252 2053 1383 2114 (qui,
1409 2055 1574 2115 procul

174 2124 336 2185 dubio,
362 2125 518 2190 plures
537 2135 645 2170 sunt
672 2124 720 2169 in
743 2125 874 2170 terris
898 2125 1023 2187 illis),
1051 2142 1183 2171 suain
1204 2126 1574 2188 indignationem

174 2200 232 2246 ab
268 2201 332 2247 eis
368 2211 480 2246 tunc
511 2200 715 2260 avertit¹,
746 2202 1186 2263 praeservaveritque
1220 2220 1278 2248 ne
1309 2202 1397 2249 sub
1429 2204 1574 2252 hostis

175 2279 242 2323 sui
276 2288 552 2340 potestatem
592 2277 881 2323 devenirent.
915 2277 1011 2323 Sub
1042 2295 1137 2340 quo
1177 2280 1484 2326 rerisimiliter
1518 2300 1572 2328 ex

175 2354 251 2401 illo
278 2355 604 2401 florentissimo
640 2371 797 2399 rerum
829 2364 950 2400 statu
983 2364 1120 2417 atque
1157 2355 1344 2418 opibus,
1378 2358 1425 2402 in
1457 2374 1571 2420 quas

174 2430 258 2475 sub
289 2431 597 2477 anterioribus
627 2429 917 2494 principibus
951 2431 1045 2476 suis
1069 2443 1369 2478 excreverant
1395 2444 1440 2479 et
1463 2451 1570 2496 pro-

174 2508 289 2551 vecti
315 2518 469 2567 erant,
499 2509 547 2553 in
575 2524 767 2569 magnas
790 2508 1023 2567 miserias,
1052 2509 1211 2555 ruinas
1234 2520 1372 2571 atque
1400 2526 1569 2573 paupe-

173 2584 285 2628 riem
306 2595 556 2630 extremam
583 2584 896 2630 defluxissent.

228 2708 262 2742 1.
296 2705 416 2741 ΡῙιιῖόῐ
436 2712 616 2742 averterit.
