1875 2956
709 233 852 269 LIBER
884 233 1076 268 PRIMES.
1519 235 1587 268 301

261 324 366 376 Quo
386 319 451 364 sic
474 336 555 381 per
579 335 688 363 eum
709 336 951 382 responso,
978 334 1085 363 cum
1106 317 1236 362 omni
1258 316 1402 360 animi
1423 316 1595 363 fiducia

195 396 384 441 ulterius
407 411 516 440 eum
534 395 861 458 requisivimus
882 405 931 440 ut
951 394 1087 439 nobis
1108 391 1356 438 consilium
1381 403 1595 454 praestare

196 470 346 529 vellet,
374 487 432 516 an
459 471 602 533 ipsius
626 471 777 516 nuntii
801 457 1054 516 adventum
1079 468 1301 532 opperiri,
1328 468 1401 512 vel
1419 469 1592 530 potius,

196 548 370 592 utendo
391 547 575 593 licentia
606 547 742 592 nobis
765 563 1004 605 concessa,
1028 547 1115 591 iter
1138 544 1465 607 proficiscendi
1485 546 1597 590 arri-

194 639 304 686 pere
346 623 648 683 deberemus,
681 633 905 685 tanquam
941 622 999 667 de
1033 622 1167 682 regite
1197 620 1452 666 voluntatis
1493 638 1598 666 mu-

194 700 368 746 tatione
413 701 527 746 nihil
566 700 784 763 suspicati
832 698 903 745 vel
948 698 1193 744 admoniti.
1243 697 1429 743 Sciebat
1471 699 1597 744 enim

193 778 596 839 quemadmodum
626 777 722 838 jam
748 775 839 821 illic
874 776 967 836 regi
992 792 1075 838 per
1097 790 1280 820 menses
1318 775 1598 836 quatuorde-

194 854 285 898 cim
309 854 638 909 serviissemus,
667 852 795 897 nullo
822 852 1005 914 penitus
1030 861 1220 912 accepto
1251 851 1485 913 stipendio
1518 868 1598 898 seu

196 929 448 975 honorario
475 930 548 975 vel
568 930 734 991 quovis
756 928 1106 985 emolument03
1136 927 1334 989 qualiter
1357 928 1496 973 etiam
1519 944 1596 973 rex

194 1016 300 1051 ante
325 1006 577 1052 discessum
602 1015 815 1050 nostrum
838 1021 892 1050 ex
916 1004 1067 1061 curia,
1097 1013 1145 1048 ut
1165 1020 1304 1066 supra
1328 1003 1593 1060 retulimus,

194 1082 426 1144 pollicitus
453 1083 598 1128 suerat
628 1080 764 1127 nobis
794 1081 853 1127 de
882 1080 1107 1143 pensione
1148 1080 1318 1125 idonea
1353 1079 1598 1142 providere

194 1157 324 1219 (nam
344 1159 440 1221 ipse
460 1168 572 1204 tunc
591 1158 638 1203 in
661 1144 825 1203 eadem
846 1158 965 1218 regis
981 1157 1110 1201 curia
1130 1172 1328 1219 praesens
1348 1155 1593 1216 adsuerat),

194 1235 250 1279 de
282 1252 375 1297 qua
397 1246 554 1281 tamen
579 1235 890 1298 promissione
914 1233 1029 1279 nihil
1054 1249 1246 1296 prorsus
1277 1233 1426 1278 fuerat
1446 1233 1597 1278 adim-

193 1312 393 1373 pletum3
422 1329 559 1374 grave
586 1323 741 1358 autem
770 1312 908 1357 nimis
933 1322 1030 1356 erat
1060 1310 1197 1356 nobis
1227 1320 1272 1355 et
1301 1310 1599 1373 importabile

194 1397 287 1433 tam
313 1389 393 1433 diu
416 1390 464 1433 in
485 1399 580 1434 tam
603 1399 784 1434 remota
807 1405 833 1433 a
859 1387 1046 1433 sedibus
1069 1387 1229 1449 patriis
1251 1397 1370 1431 terra
1393 1388 1599 1449 propriis

193 1464 432 1526 stipendiis
469 1466 563 1526 regi
601 1465 814 1510 militare.
854 1463 1280 1509 Percunctabamur
1311 1463 1449 1522 igitur
1487 1480 1597 1526 pru-

192 1541 399 1586 dentiam
424 1558 556 1586 suam
579 1542 806 1603 quidnam
832 1541 1007 1586 factura
1037 1539 1177 1597 foret,
1218 1539 1255 1584 si
1284 1539 1445 1585 similis
1469 1556 1594 1598 eum,

193 1619 259 1663 uti
274 1629 432 1664 nostra
451 1628 565 1677 erat,
590 1618 776 1664 fortuna
793 1627 986 1663 teneret.
1014 1619 1114 1679 lpse
1137 1626 1308 1673 autem,
1328 1618 1408 1678 qui
1427 1628 1594 1676 rectus,

192 1697 272 1757 qui
288 1697 437 1757 justus
459 1705 595 1758 atque
618 1695 854 1740 humanus
876 1694 1098 1740 dominus
1120 1703 1233 1751 erat,
1254 1692 1379 1738 illico
1404 1710 1598 1756 respon-

194 1772 261 1817 dit
292 1790 338 1818 se
372 1774 417 1817 in
455 1773 535 1817 tali
560 1789 668 1817 casu
702 1789 799 1817 non
833 1780 1208 1834 exspectaturum
1242 1770 1392 1814 nuntii
1427 1771 1599 1817 adven-

195 1859 310 1905 tum⁷
339 1849 418 1894 sed
444 1848 597 1894 statim
620 1865 666 1894 se
693 1848 752 1894 ad
776 1848 953 1893 curiam
978 1847 1096 1907 regis
1119 1847 1166 1890 in
1200 1847 1391 1909 propria
1417 1847 1597 1910 profec-

194 1935 351 1970 turum
373 1925 617 1986 nuntiique
640 1935 983 1987 praeventurum
1004 1939 1258 1968 accessum.

260 2001 401 2057 Quod
440 2018 548 2046 cum
590 2017 686 2046 non
721 2002 818 2045 sine
858 2001 1060 2063 plurima
1094 2000 1401 2061 gratulatione
1439 1999 1499 2046 ab
1540 2017 1596 2045 eo

196 2078 371 2142 dictum
398 2078 719 2135 audiissemus,
747 2078 899 2123 statim
923 2076 1253 2122 subintulimus
1277 2076 1325 2122 id
1349 2077 1487 2122 etiam
1511 2094 1597 2121 nos

196 2155 392 2200 omnino
417 2155 618 2200 facturos
643 2155 958 2218 proposuisse,
992 2171 1078 2199 nec
1101 2154 1149 2198 in
1175 2162 1305 2199 tanto
1330 2153 1597 2199 discrimine

197 2232 445 2295 obtorpere
482 2231 745 2290 intendere,
789 2231 869 2277 sed
900 2231 1029 2293 quod
1063 2231 1207 2276 altero
1243 2240 1350 2293 post
1380 2231 1596 2293 proximo

197 2310 406 2371 sequenti
432 2308 523 2365 die,
562 2309 768 2353 Domino
802 2307 937 2365 duce,
977 2308 1063 2353 iter
1089 2308 1414 2370 arriperemus.
1458 2308 1597 2362 Quod

198 2385 294 2446 ipse
316 2394 367 2429 ut
387 2385 450 2430 ita
468 2384 723 2430 faceremus
742 2384 976 2429 consuluit
999 2392 1043 2427 et
1059 2383 1280 2428 laudavit.
1306 2383 1440 2428 Unde
1461 2382 1598 2428 nobis

199 2458 246 2502 in
270 2459 348 2504 tali
373 2470 530 2505 nostra
561 2460 812 2505 afflictione
846 2469 984 2520 atque
1007 2458 1306 2504 tribulatione
1334 2474 1502 2519 magna
1525 2473 1598 2503 ac-

199 2535 341 2579 crevit
362 2536 620 2581 consolatio
644 2546 689 2581 et
706 2535 835 2581 bona
855 2552 958 2598 spes
976 2535 1023 2580 in
1038 2536 1264 2594 Domino,
1286 2536 1494 2597 laqueos,
1516 2534 1597 2595 qui

202 2610 338 2655 nobis
354 2612 665 2658 tendebantur
685 2614 848 2658 mortis
862 2629 945 2675 per
960 2628 1213 2674 pravorum
1235 2612 1440 2667 insidias,
1464 2627 1596 2673 posse

201 2689 434 2734 declinare
458 2699 502 2734 et
523 2690 741 2752 effugere.
