1875 2956
660 201 803 237 LIBER
831 200 1026 236 PRIMUS.
1473 203 1547 238 279

153 288 467 334 benivolentia
488 288 729 345 devinctis,
756 297 806 332 ut
831 286 1018 331 difficile
1041 285 1178 330 nobis
1200 286 1318 330 foret
1340 296 1408 331 tot
1437 290 1548 333 ami-

152 381 315 411 corum
333 365 480 411 videri
498 381 716 428 spernere
740 373 819 409 aut
835 363 1064 424 negligere
1081 362 1291 407 consilia.
1321 363 1458 423 Atqui
1479 362 1550 408 his

152 457 247 487 non
277 441 591 499 obstantibus,
627 440 758 485 veriti
789 455 973 500 semper
1006 455 1064 483 ne
1100 437 1238 483 nobis
1263 438 1418 500 laquei
1451 448 1552 484 ten-

153 517 390 576 derentur,
427 519 473 563 in
507 534 626 580 quos
659 516 913 562 nonnullos
942 515 1141 560 infausto
1178 516 1337 561 omine
1363 532 1553 579 compe·

153 594 376 639 rieramus
415 594 690 651 incurrisse,
729 592 976 637 consilium
1011 591 1221 653 cepimus
1255 608 1353 637 non
1399 592 1555 638 adbuc

152 670 354 716 reditum
389 680 599 716 nostrum
629 679 884 725 maturare,
923 667 1004 712 sed
1034 668 1233 731 experiri
1265 670 1470 732 primum
1494 685 1553 716 an

153 764 234 810 per
256 758 609 811 procuratorem
629 745 830 806 legitime
857 745 1163 790 constitutum
1186 762 1450 808 possemus,
1472 746 1555 793 ab·

151 834 301 870 sentes
326 825 431 870 licet
457 834 502 868 et
524 824 570 868 in
597 822 728 867 terris
760 821 946 866 illustris
976 821 1365 882 Burgundionum
1399 822 1553 883 ducis,

151 917 253 963 quae
276 902 468 946 minime
491 910 601 944 tunc
623 898 717 960 regi
736 897 928 943 hostiles
946 897 1263 957 habebantur,
1290 909 1555 945 nostrarum

151 977 389 1023 bonorum
412 976 618 1023 nancisci
649 975 992 1039 possessionem
1023 975 1181 1038 eisque
1212 975 1357 1022 libere
1388 977 1552 1039 potiri,

152 1054 553 1117 quemadmodum
584 1053 781 1116 praefatae
817 1052 975 1098 litterae
1001 1053 1135 1113 regiae
1165 1052 1428 1099 facultatem
1458 1055 1558 1099 uni-

151 1131 319 1192 cuique
345 1130 698 1194 promittebant.
729 1129 869 1186 Quod
891 1145 999 1174 cum
1034 1129 1207 1175 factum
1238 1129 1404 1189 fuisse,
1442 1131 1556 1176 falso

150 1217 307 1253 tamen
324 1245 334 1267 ,
361 1217 640 1253 assereretur
657 1223 683 1252 a
700 1205 912 1269 pluribus
932 1205 1092 1265 nobis,
1119 1216 1171 1250 ut
1194 1206 1340 1251 videri
1353 1216 1552 1269 poterat,

151 1300 320 1344 magna
345 1285 547 1330 amicitia
566 1284 754 1347 junctis,
779 1285 859 1345 qui
884 1293 936 1327 ut
960 1300 1046 1328 nos
1069 1283 1245 1328 facilius
1268 1283 1329 1328 ad
1354 1283 1556 1329 reditum

151 1361 449 1419 inducerent,
482 1362 650 1406 factam
680 1360 818 1405 nobis
852 1359 988 1404 fuisse
1016 1359 1255 1404 bonorum
1288 1370 1556 1405 nostrorum

151 1435 536 1482 deliberationem
570 1435 889 1493 affirmabant,
917 1435 1171 1479 multarum
1202 1451 1419 1497 precum,
1459 1437 1556 1499 epi-

150 1514 400 1571 stolarum,
430 1512 734 1557 consiliorum
763 1520 902 1572 atque
926 1511 1202 1556 nuntiorum
1225 1512 1349 1557 mole
1376 1514 1557 1558 onerati

150 1600 290 1652 atque
319 1590 493 1648 inflexi,
529 1588 736 1647 tandem,
770 1605 867 1633 non
903 1588 1001 1633 sine
1027 1604 1198 1649 magna
1220 1589 1364 1634 animi
1386 1589 1557 1635 tituba-

153 1667 305 1726 tione,
335 1666 394 1712 ad
418 1665 713 1713 redeundum
750 1665 809 1710 ad
834 1665 1032 1727 patriam
1063 1682 1150 1711 nos
1179 1665 1466 1711 accinximus
1488 1677 1556 1712 at-

151 1759 242 1805 que
275 1743 556 1806 paraximus.
597 1742 738 1797 Quod
779 1742 989 1803 profecto
1028 1743 1221 1787 minime
1264 1743 1552 1804 fecissemus,

153 1821 399 1865 amnestias
416 1819 624 1882 praefatas
647 1834 814 1881 parum
846 1828 925 1863 aut
949 1818 1063 1863 nibil
1084 1818 1199 1864 fidas
1223 1819 1552 1879 existimantes,

153 1908 195 1943 et
220 1899 327 1943 satis
348 1907 575 1958 quantum
596 1897 800 1941 valerent
818 1896 1149 1959 promissiones
1173 1906 1218 1941 et
1241 1897 1399 1941 litterae
1417 1908 1556 1960 atque

151 1984 439 2020 sacran‘ienta
467 1974 610 2036 ipsius
643 1974 760 2034 regis
795 1973 1001 2036 plurium
1032 1972 1373 2019 calamitatibus
1406 1983 1450 2019 et
1484 1975 1555 2019 in-

153 2051 367 2097 fortuniis
386 2050 564 2106 edocti,
593 2050 680 2095 nisi
703 2067 789 2095 nos
814 2050 860 2095 id
882 2050 1031 2096 facere
1055 2051 1292 2114 potissime
1319 2051 1550 2111 suasisset,

153 2145 255 2191 quae
283 2146 370 2174 nos
394 2128 696 2173 vehementer
728 2127 1007 2190 perurgebat
1024 2165 1035 2187 ,
1063 2127 1208 2173 debiti
1239 2128 1357 2173 ratio
1379 2145 1472 2190 qua
1496 2130 1555 2176 ad

153 2205 495 2252 intendendum
513 2221 633 2250 curae
656 2214 794 2266 atque
818 2205 1032 2267 regimini
1051 2205 1253 2251 ecclesiae
1279 2215 1447 2251 nostrae
1472 2223 1557 2252 nos

154 2282 381 2344 obligatos
401 2282 499 2328 fore
521 2281 797 2327 sciebamus.

218 2362 318 2405 Hoc
342 2375 509 2422 nempe
540 2358 731 2404 adducti
757 2358 1010 2414 desiderio,
1047 2359 1138 2404 hac
1172 2359 1431 2404 intentione
1458 2376 1559 2422 per-

157 2435 296 2493 moti,
320 2445 369 2480 ut
395 2436 665 2497 hujusmodi
689 2446 856 2480 nostrae
877 2437 1079 2482 ecclesiae
1105 2445 1148 2481 et
1177 2436 1462 2499 populorum
1486 2453 1557 2482 sa-

158 2511 257 2569 luti,
276 2527 393 2557 curae
415 2522 580 2558 nostrae
598 2513 818 2575 pastorali
832 2513 1134 2572 creditorum,
1157 2511 1554 2571 incumberemus,

159 2604 259 2648 quae
290 2587 425 2633 nobis
449 2589 692 2634 imminere
728 2606 824 2634 non
861 2590 1182 2636 nesciebamus
1210 2588 1414 2652 pericula
1439 2605 1555 2634 con-

159 2664 409 2709 temnenda
442 2675 487 2709 et
509 2666 729 2710 audacter
752 2676 892 2727 atque
917 2666 1209 2712 confidenter
1231 2682 1257 2711 a
1285 2665 1419 2711 nobis
1447 2666 1556 2710 sub-
