1875 2956
722 202 864 237 LIBER
894 202 1094 237 SEXTUS.
1555 208 1602 241 45

207 300 381 330 annum
406 285 635 332 duratura»
656 324 666 346 ‚
693 288 854 350 populi
875 287 1099 333 Flandriae
1132 296 1176 330 et
1214 288 1472 332 Hannoniae
1488 326 1498 345 ,
1538 291 1603 333 vi-

206 361 405 406 ciniores
429 364 462 406 T
466 378 640 407 ornaco
660 400 670 421 ,
694 372 875 424 treugas
901 377 1082 407 servare
1103 360 1213 423 ipsis
1235 363 1605 409 Tornacensibus

206 437 514 483 recusabant:
553 439 770 496 eosdem,
820 439 855 484 si
896 439 955 483 ad
990 437 1193 500 oppida,
1235 438 1490 483 necessaria
1525 455 1605 482 co-

205 514 391 559 emendi
429 515 604 575 gratia,
632 514 954 573 divertebant,
981 514 1053 559 vel
1080 513 1328 572 ardendo,
1363 514 1435 558 vel
1465 513 1605 559 rebus

205 591 299 636 suis
322 591 569 654 spoliando
593 601 731 652 atque
755 591 892 636 variis
915 590 1093 652 injuriis
1118 590 1383 636 afficiendo.

274 670 360 712 l’ro
386 660 584 730 quibus,
613 684 719 712 cum
753 667 877 730 apud
912 683 1066 728 regem
1090 667 1239 729 questi
1267 667 1464 728 graviter
1497 667 1606 711 fuis-

205 755 329 804 sent,
361 745 453 790 hoc
486 745 638 789 solum
673 743 864 789 remedii
898 745 1122 806 consequi
1156 753 1411 807 potuerunt
1443 743 1603 805 quod,

205 838 312 865 cum
345 822 437 866 suis
468 820 707 879 hostibus,
747 837 840 882 qua
881 821 1074 867 meliore
1104 832 1149 866 et
1186 820 1509 866 commodiore
1534 821 1608 865 via

205 906 409 959 possent,
436 897 796 959 paciscerentur.
825 897 965 953 Quod
990 908 1036 943 et
1061 898 1286 956 fecerunt,
1317 897 1511 960 polliciti
1542 898 1609 941 in-

204 984 340 1019 antea
364 989 411 1018 se
432 990 528 1018 non
556 983 824 1037 recepturos
850 974 1061 1036 praesidia
1089 975 1289 1019 militum
1323 974 1439 1035 regis
1472 974 1518 1018 iu
1549 974 1608 1018 ci-

203 1051 342 1097 vitate
378 1067 459 1096 sua
484 1053 512 1109 ¹,
559 1052 594 1097 si
634 1061 737 1113 post
772 1061 956 1111 treugas
993 1050 1054 1096 ad
1092 1052 1295 1097 recidiva
1328 1051 1452 1096 bella
1493 1051 1608 1096 foret

204 1125 579 1186 deveniendum3
607 1127 685 1172 sed
711 1144 757 1173 se
778 1165 789 1186 ⁷
818 1137 1042 1190 tanquam
1070 1128 1300 1173 neutrales
1321 1165 1331 1187 ‚
1360 1128 1542 1189 quietos
1564 1137 1608 1172 et

204 1201 402 1262 liberos,
447 1219 721 1266 permanere
767 1214 811 1249 et
859 1204 1101 1249 continere
1141 1204 1334 1262 debere,
1383 1204 1608 1266 permissa

202 1278 348 1325 libera
368 1280 582 1326 facultate
609 1297 692 1343 per
715 1290 857 1326 terras
888 1280 1045 1339 ducis,
1076 1296 1204 1342 aeque
1228 1290 1279 1324 ut
1310 1296 1393 1342 per
1423 1280 1571 1340 regias
1593 1315 1603 1335 ,

202 1372 308 1400 cum
335 1357 531 1415 vellent,
560 1356 848 1415 transeundi,
881 1366 925 1400 et
946 1356 992 1400 in
1019 1356 1195 1401 eisdem
1219 1372 1301 1401 sua
1324 1357 1608 1402 commercia

202 1441 245 1476 et
279 1432 616 1492 negotiationes
638 1431 783 1476 libere
807 1431 1071 1477 exercendi.
1111 1435 1167 1476 Et
1198 1431 1256 1477 de
1282 1431 1607 1493 hujuscemodi

202 1507 512 1568 promissione
546 1507 719 1552 litteras
749 1523 854 1552 suas
882 1507 1058 1552 validas
1091 1507 1199 1553 duci
1224 1508 1409 1553 Austrize
1441 1518 1486 1553 et
1515 1509 1608 1554 suis

203 1582 496 1628 tradiderunt
515 1586 543 1641 2,
583 1583 778 1629 obtento
816 1584 1022 1646 primum
1061 1600 1200 1647 super
1240 1584 1333 1630 hoc
1376 1601 1608 1631 consensu

202 1662 361 1724 regis³.
392 1664 446 1706 Et
467 1661 560 1706 hoc
594 1661 739 1706 modo
775 1670 943 1721 treugae
978 1660 1210 1707 beneficio
1238 1660 1432 1707 demum
1468 1663 1607 1725 potiri

204 1748 489 1785 meruerunt.

268 1819 471 1861 Fuerunt
513 1824 669 1860 autem
696 1814 1021 1876 hujuscemodi
1054 1824 1224 1876 treugae
1260 1815 1393 1860 initio
1426 1825 1607 1861 utcum-

205 1908 294 1954 que
320 1901 508 1937 servatae
531 1892 545 1942 (
562 1891 668 1936 licet
692 1891 941 1951 Flamingis
966 1891 1233 1952 caeterisque
1257 1890 1453 1937 subditis
1477 1891 1608 1938 ducis

205 2047 254 2083 du
275 2049 317 2083 11
342 2047 462 2094 juillet
486 2049 602 2095 1478,
628 2064 645 2080 a
669 2047 816 2084 donner·
837 2062 884 2083 au
903 2061 1012 2098 camp
1035 2049 1086 2085 lez
1107 2050 1140 2085 le
1160 2049 1275 2086 rieux
1295 2050 1457 2097 Vendin,
1483 2067 1498 2082 ι’
1521 2051 1607 2087 etait

204 2109 239 2145 le
277 2109 599 2146 renouvellement
633 2109 746 2146 d’une
778 2110 962 2159 premiere
992 2111 1150 2147 conclue
1183 2113 1203 2147 a
1231 2114 1328 2148 Lens
1366 2112 1401 2149 le
1438 2115 1485 2149 18
1523 2126 1606 2162 sep-

207 2170 350 2207 tembre
371 2173 486 2208 4477.
510 2171 636 2208 L‘acte
655 2171 701 2207 de
720 2172 820 2208 l'une
840 2180 874 2207 et
897 2172 942 2208 de
962 2172 1093 2209 l'autre
1113 2186 1152 2209 se
1173 2182 1306 2210 trouve
1326 2174 1418 2211 dans
1439 2175 1472 2211 le
1489 2176 1606 2224 Corps

206 2233 485 2283 Diplomatique
504 2233 549 2269 de
570 2236 757 2278 Dumont‚
784 2242 809 2270 t.
834 2236 887 2270 111
911 2236 970 2279 (ΞΘ
991 2235 1144 2284 partie),
1169 2248 1206 2285 p.
1232 2238 1279 2272 10
1300 2244 1337 2272 et
1355 2238 1419 2273 26.

260 2297 296 2331 1.
331 2311 348 2328 α
369 2299 437 2331 Par
462 2295 509 2331 tel
544 2296 592 2340 si,
620 2308 693 2344 que
716 2295 850 2341 jamais
877 2308 925 2332 ne
957 2296 1179 2334 debvroient
1207 2298 1405 2348 recepvoir
1431 2298 1605 2348 garnison

208 2369 302 2404 pour
319 2357 372 2393 les
390 2357 582 2405 Francois,
603 2371 639 2392 se
658 2360 691 2392 le
709 2371 775 2404 rm·
792 2357 853 2404 η)
871 2359 977 2394 estoit
995 2372 1038 2394 en
1052 2372 1250 2406 personne.
1268 2376 1284 2393 n
1308 2359 1477 2402 Molinet,
1500 2368 1524 2395 t.
1550 2361 1604 2404 ΙΙ,

209 2417 268 2454 ch.
289 2430 350 2454 Lx.

262 2481 298 2516 2.
334 2483 426 2517 Vers
445 2483 479 2518 la
498 2482 760 2519 Saint-Martin
780 2482 825 2518 de
845 2483 919 2518 l'an
939 2484 1056 2525 1478,
1079 2483 1182 2519 selon
1201 2483 1368 2520 Molinet.

264 2544 298 2575 3.
329 2543 600 2579 Inexactitude.
629 2546 682 2579 Le
700 2543 755 2579 roi
776 2544 901 2579 donna
925 2543 1103 2580 abolition
1130 2546 1240 2594 apres
1260 2545 1295 2581 le
1320 2545 1384 2581 fait
1405 2543 1601 2591 accompli.

213 2602 356 2646 [jac-te,
384 2616 428 2639 en
460 2604 544 2640 ‹lau›
568 2605 616 2641 du
643 2607 690 2641 20
718 2605 868 2650 janvier
894 2607 1016 2647 1479,
1050 2615 1101 2641 est
1135 2606 1226 2642 (lans
1257 2607 1290 2642 le
1317 2605 1529 2642 Commines
1559 2604 1604 2641 de

210 2664 610 2714 Lenglet-Ihil'resnoy‚
635 2676 659 2702 t.
681 2669 755 2710 111,
777 2680 813 2715 p.
840 2668 928 2703 557.
