1875 2956
697 198 840 232 LIBER
869 197 1062 233 PRIMUS.
1508 201 1548 235 3¹
1560 201 1581 235 9

183 282 434 344 aliquando
468 283 680 329 notitiam
715 284 1004 342 habuerunt;
1035 286 1114 346 qui
1144 300 1239 329 non
1267 283 1411 329 modo
1439 284 1580 332 fidem

182 358 341 403 talium
382 358 834 420 improbissimorum
868 359 1161 405 nebulonum
1199 357 1453 420 figmentis,
1501 362 1581 406 sed

182 449 267 478 nec
299 434 371 479 vel
407 435 648 481 minimam
685 436 743 481 de
781 435 918 481 nobis
950 437 1234 481 contrariam
1267 436 1581 498 suspicionem

182 509 379 570 proinde
401 510 575 556 habere
601 527 680 556 seu
705 513 751 556 in
775 526 879 556 eam
901 511 1070 556 adduci
1090 521 1360 574 potuerunt.

249 584 381 629 Unde
399 596 444 631 et
463 587 616 649 ipsum
633 603 807 647 regem,
830 587 939 632 licet
961 596 1071 633 tunc
1089 588 1215 644 talia,
1239 604 1341 650 qua!
1361 587 1578 647 diximus,

182 663 439 707 evomuerit
462 662 622 721 verba,
649 663 929 726 importunis
956 663 1176 709 salsorum
1202 663 1464 709 delatorum
1484 681 1583 725 sug-

182 738 468 799 gestionibus
490 739 694 800 quadam
720 739 846 784 velut
868 739 986 784 furia
1009 755 1249 798 accensus,
1276 756 1372 785 non
1398 741 1582 787 dubita-

182 830 285 859 mus
307 815 556 877 tranquilla
587 825 742 861 mente
766 816 962 860 omnino
991 816 1122 861 aliter
1145 816 1203 861 de
1234 816 1371 862 nobis
1393 819 1578 863 sentire.

183 894 298 936 Nam
322 901 366 937 et
388 908 513 951 cum,
534 902 639 955 post
661 892 1088 937 reconciliationem
1115 893 1324 953 germani
1344 894 1431 953 sui,
1452 893 1583 939 ducis

182 967 462 1027 Aquitaniae⁷
492 967 550 1012 ad
577 984 623 1012 se
650 968 839 1013 modico
869 969 976 1013 satis
1003 977 1109 1030 post
1134 978 1347 1030 tempore
1372 969 1580 1029 sactam¹,

182 1059 269 1105 pro
295 1042 431 1089 nobis
454 1044 549 1103 regi
579 1060 749 1105 magno
775 1061 884 1089 cum
907 1044 1076 1089 affectu
1101 1043 1245 1090 verba
1271 1045 1413 1090 semel
1444 1055 1583 1107 atque

182 1119 366 1178 iterum,
394 1136 480 1182 pro
505 1136 587 1166 sua
609 1121 785 1181 ingenti
810 1120 867 1166 ad
898 1137 983 1166 nos
1007 1121 1220 1178 caritate,
1248 1122 1345 1184 ipse
1368 1121 1583 1167 illustris-

182 1195 323 1241 simus
347 1196 441 1241 dux
473 1196 656 1256 faceret,
683 1214 885 1259 eumque
910 1198 1211 1243 vehementer
1234 1209 1486 1261 premeret,
1517 1200 1584 1245 di-

182 1288 292 1317 cens
321 1289 369 1318 se
399 1273 529 1318 nullo
552 1273 697 1319 modo
721 1274 978 1337 plenariam
1004 1284 1212 1320 nostram
1242 1276 1583 1322 restitutionem

182 1349 389 1395 abnuere
424 1366 587 1413 posse,
615 1367 757 1413 quam
787 1351 876 1395 sibi
910 1351 956 1395 in
986 1351 1159 1397 foedere
1192 1352 1584 1398 reconciliationis

182 1425 497 1487 plenissimam
517 1442 604 1488 pro
625 1426 844 1471 omnibus
863 1427 942 1488 qui
956 1426 1165 1489 partibus
1178 1428 1271 1472 suis
1287 1428 1584 1473 adhaesissent

183 1502 254 1546 vel
277 1502 514 1561 favissent,
542 1520 589 1547 se
616 1503 846 1549 facturum
881 1513 1173 1549 sacramento
1206 1503 1471 1563 firmasset²7
1504 1522 1583 1550 rex

181 1577 240 1622 de
271 1577 542 1639 hujusmodi
577 1578 625 1622 in
660 1595 823 1624 necem
853 1579 950 1640 ejus
984 1579 1334 1626 machinatione
1358 1598 1444 1627 nec
1469 1591 1584 1627 tunc

183 1668 268 1698 nec
292 1664 455 1716 postea
484 1653 681 1700 verbum
719 1656 892 1711 ullum,
927 1656 1058 1717 quod
1092 1673 1229 1702 nosse
1264 1649 1579 1720 potuerimus,

183 1728 305 1788 fecit,
324 1730 432 1775 licet
450 1731 788 1777 restitutionem
812 1731 950 1777 nobis
971 1732 1118 1777 facere
1136 1734 1297 1794 (quam
1318 1734 1443 1779 idem
1461 1735 1585 1779 illus-

184 1805 407 1851 trissimus
429 1806 523 1851 dux
555 1808 664 1852 totis
700 1807 1071 1870 prosequebatur
1101 1808 1302 1868 viribus,
1332 1811 1584 1856 certissime

183 1898 470 1943 cognoscens
498 1884 567 1928 sui
604 1884 746 1928 solius
779 1899 917 1929 causa
951 1885 1069 1945 regis
1101 1901 1187 1930 nos
1217 1886 1481 1932 inimicitias
1512 1887 1583 1931 in·

183 1959 399 2017 currisse,
424 1969 471 2004 et
504 1975 696 2005 omnem
727 1975 870 2021 quam
905 1960 1194 2006 subieramus
1230 1962 1582 2025 proscriptionis

183 2035 401 2096 injuriam
429 2036 759 2099 bonorumque
784 2038 1011 2099 jacturam
1038 2039 1108 2085 sui
1138 2041 1282 2101 gratia
1314 2041 1449 2087 fuisse
1483 2059 1584 2104 per-

183 2112 360 2174 pessos)
382 2114 746 2175 pertinacissime
780 2116 1023 2175 recusarit,
1056 2133 1153 2162 non
1186 2117 1359 2163 veritus
1390 2127 1486 2164 tam
1513 2135 1583 2163 so-

183 2187 396 2235 lemniter
426 2206 453 2235 a
482 2206 531 2236 se
559 2191 788 2253 promissa
816 2201 861 2236 et
889 2202 1180 2238 sacramento
1208 2192 1454 2257 roborata,
1486 2211 1581 2239 non

241 2415 277 2450 1.
308 2416 367 2450 Au
386 2414 479 2451 mois
501 2414 548 2452 de
571 2414 783 2465 septembre
804 2417 922 2454 1469.

239 2476 277 2511 2.
308 2476 476 2512 Allusion
497 2478 517 2511 {i
534 2475 742 2514 l’abolition
767 2477 942 2527 generale
961 2492 1034 2529 que
1053 2479 1088 2516 le
1108 2478 1165 2516 roi
1188 2479 1349 2517 accorda
1371 2492 1446 2517 aux
1466 2479 1579 2516 adhe-

189 2545 290 2573 rents
311 2537 360 2574 du
383 2538 580 2575 ci-dex'ant
612 2539 684 2575 duc
709 2539 755 2575 de
780 2541 1029 2587 Normandie,
1058 2555 1126 2592 par
1144 2542 1271 2578 lettres
1298 2550 1465 2592 patentes
1483 2540 1582 2577 don-

188 2601 277 2637 nees
290 2602 466 2651 iiBeauge'
479 2613 527 2637 au
541 2600 633 2637 mois
650 2601 695 2638 de
716 2602 788 2638 mai
806 2604 918 2639 1469.
938 2604 1348 2652 Lenglct-Dulresn‹›y‚
1362 2605 1578 2647 Communes,

189 2671 215 2698 t.
239 2664 309 2708 111,
332 2675 369 2711 p.
396 2664 484 2698 103.
