1875 2956
749 216 892 250 LIBER
922 216 1116 252 PRIMUS.
1545 216 1619 251 MA)

227 305 359 349 tium.
403 305 521 347 Cum
567 303 706 363 igitur
742 303 879 348 simili
906 302 1057 348 sorma
1090 301 1293 363 singulas
1317 300 1622 362 pecuniarum

223 393 428 424 summas
469 394 495 423 a
528 394 574 423 se
610 387 817 441 receptas
850 377 909 423 ad
946 393 1125 438 nosque
1162 393 1244 440 per
1285 391 1434 421 annos
1474 391 1622 438 prope

223 464 330 499 octo
352 454 642 500 transmissas
665 454 993 512 declarassent,
1018 454 1167 498 coacti
1188 453 1459 499 exstiterunt
1476 468 1623 514 prope

222 541 424 592 quatuor
447 531 592 577 millia
626 531 940 588 florenorum,
981 530 1061 591 qui
1094 540 1192 575 tum
1225 530 1273 574 in
1301 529 1422 587 suis,
1452 538 1550 573 tum
1575 529 1621 573 in

222 605 493 653 officialium
534 617 801 653 nostrorum
842 606 998 652 adhuc
1033 605 1277 651 exstabant
1315 604 1533 651 manibus
1565 605 1622 650 de

219 684 527 745 proventibus
553 684 888 746 spiritualium,
917 683 964 727 in
992 698 1160 728 manus
1185 692 1469 745 quaestorum
1494 699 1622 744 rega-

218 758 333 805 lium
357 761 632 822 consignare
659 769 701 804 et
724 759 904 804 tradere
919 761 944 804 ¹.
976 762 1032 804 Et
1055 775 1163 804 cum
1187 759 1299 805 alias
1322 759 1623 821 quamplures

219 838 524 898 pecuniarum
557 852 762 882 summas
796 836 933 881 variis
968 835 1148 881 vicibus
1187 836 1247 881 ad
1279 852 1364 882 nos
1392 836 1624 882 misissent

219 929 302 974 per
326 913 481 975 plures
508 913 681 958 scilicet
706 913 929 958 honestos
966 921 1276 969 mercatores,
1306 913 1443 958 variis
1477 922 1522 958 et
1550 913 1622 958 di-

217 990 359 1035 versis
381 989 562 1035 vicibus
597 999 735 1052 atque
768 990 911 1049 locis,
945 990 1147 1051 ajudice
1181 989 1420 1035 decretum
1444 998 1511 1034 est
1543 1006 1622 1035 eos

216 1075 262 1110 et
289 1083 489 1129 corpora
518 1076 563 1112 et
590 1066 719 1113 bona
742 1083 825 1113 sua
850 1067 1011 1112 omnia
1042 1066 1341 1125 confiscasse,
1368 1075 1464 1111 tam
1497 1066 1622 1128 ipsos

217 1159 359 1205 quam
376 1153 420 1190 et
435 1161 601 1191 omnes
618 1155 664 1190 et
685 1145 892 1206 singulos
908 1154 1190 1190 mercatores
1203 1146 1283 1207 qui
1299 1162 1379 1190 eos
1402 1161 1622 1189 nummos

217 1220 472 1282 aliquando
503 1221 564 1267 ad
594 1238 683 1267 nos
712 1221 1006 1279 detulissent,
1048 1222 1133 1267 nisi
1171 1238 1309 1285 super
1341 1222 1434 1267 hoc
1469 1221 1622 1266 indul-

216 1298 420 1359 gentiam
443 1308 488 1344 et
515 1299 710 1360 gratiam
734 1299 852 1359 regis
874 1298 1155 1346 obtinerent.

657 1491 994 1535 CAPITULUM
1034 1493 1173 1535 XXX.

261 1608 395 1651 Quibus
413 1609 521 1643 causis
540 1610 700 1656 impulsi,
723 1609 870 1644 cedendi
885 1610 1053 1656 regimine
1075 1610 1224 1644 ecclesiae
1247 1618 1372 1645 nostrae
1389 1611 1571 1645 consilium

809 1666 1017 1713 accepimus.

282 1786 332 1827 ln
358 1784 496 1829 tantis
519 1784 657 1845 igitur
686 1800 732 1829 se
756 1793 1092 1845 cognoscentes
1116 1784 1394 1829 constitutos
1419 1800 1516 1829 esse
1541 1801 1619 1847 pe—

215 1860 396 1920 riculis,
424 1877 531 1905 cum
552 1876 578 1906 a
596 1860 774 1906 cunctis
799 1861 991 1906 unicum
1012 1860 1077 1905 eis
1101 1876 1236 1922 posse
1260 1860 1411 1905 afferri
1438 1877 1618 1924 propo-

216 1945 403 1980 neretur
436 1936 696 1981 remedium
719 1973 730 1995 ,
766 1936 801 1981 si
847 1952 959 1995 nos,
999 1936 1057 1981 ad
1082 1935 1367 1998 placandum
1402 1936 1617 1998 indigna-

214 2012 390 2058 tionem
414 2014 547 2074 regiae
578 2013 845 2076 majestatis,
872 2014 917 2057 in
945 2013 1153 2058 favorem
1189 2013 1382 2075 alicujus
1406 2029 1617 2076 personae

213 2088 300 2134 sibi
332 2100 493 2151 gratae,
531 2091 732 2135 ecclesiae
763 2100 931 2135 nostrae
967 2090 1190 2151 regimine
1223 2089 1389 2135 cedere
1421 2106 1618 2135 consen-

212 2166 430 2225 tiremus,
471 2166 716 2229 impetrata
757 2183 783 2212 a
830 2182 935 2226 rege
979 2166 1164 2211 licentia
1208 2183 1294 2229 pro
1344 2166 1616 2228 hujusmodi

213 2259 350 2288 causa
373 2243 432 2289 ad
454 2260 540 2288 nos
565 2260 710 2305 usque
734 2242 951 2288 veniendi
977 2242 1126 2305 (quod
1148 2243 1259 2288 alias
1282 2243 1381 2288 sine
1406 2243 1615 2305 periculo

214 2320 419 2381 capitum
442 2336 635 2365 suorum
678 2319 827 2365 facere
859 2320 1053 2364 minime
1085 2320 1183 2365 ausi
1209 2319 1438 2380 fuissent),
1478 2319 1616 2365 nobis

213 2412 320 2440 cum
355 2397 534 2458 magnis
574 2396 823 2458 gemitibus
853 2407 897 2442 et
922 2397 1138 2458 lacrymis
1169 2396 1215 2441 in
1252 2396 1338 2442 hac
1368 2395 1484 2441 urbe
1506 2399 1613 2441 Tre-

267 2558 303 2591 1.
334 2557 437 2592 Cette
454 2569 598 2594 somme
622 2558 764 2595 semble
784 2560 863 2596 &tre
882 2559 975 2595 celle
998 2559 1062 2608 qui
1083 2559 1138 2594 fut
1156 2558 1333 2595 restituee
1348 2559 1429 2607 giliis
1449 2557 1552 2604 tard,
1578 2565 1613 2593 et

214 2616 305 2652 dont
336 2617 496 2655 Thomas
523 2619 634 2654 Rasin
665 2619 791 2656 donna
822 2620 1012 2669 quittance
1041 2621 1075 2656 le
1108 2622 1157 2657 ⁶24
1189 2620 1270 2666 juin
1297 2622 1412 2656 1474.
1448 2619 1538 2655 Voii·
1559 2619 1611 2655 les

214 2678 604 2727 [Jiecesjtlstificatives
627 2679 675 2715 ‹lu
698 2683 761 2717 1V2
784 2681 948 2717 volume.

706 2732 722 2749 »f
