1875 2956
269 251 345 285 ⁹298
829 250 1074 286 APOLOGIA
1096 277 1105 293 ‚

269 352 354 397 pro
374 335 655 397 quibusdam
673 351 839 398 parum
860 345 938 380 aut
960 335 1076 380 nihil
1095 339 1360 383 necessariis
1378 356 1456 385 seu
1480 339 1666 384 utilibus

267 414 431 470 causis,
459 414 700 475 legationis
721 429 875 469 causa,
902 412 1322 475 proficisceremur.

331 494 444 545 Qua=
468 507 538 535 res
564 490 700 535 nobis
731 500 773 535 et
800 491 950 551 graiis
978 490 1039 536 ad
1062 484 1351 554 portandum
1377 503 1422 538 et
1444 495 1667 540 molestis-

265 568 382 613 sima
407 568 505 625 suit,
535 585 642 613 cum
659 578 701 614 et
721 567 779 613 de
796 567 1059 631 sumptibus
1081 578 1126 613 et
1150 569 1328 614 viaticis
1345 569 1481 615 nobis
1503 570 1668 616 fiendis

266 646 393 691 nulla
430 662 620 709 prorsus
654 646 832 692 mentio
868 645 1137 703 haberetur,
1172 656 1215 692 et
1253 647 1348 705 via,
1388 664 1489 709 quae
1525 650 1668 695 confi-

264 721 431 767 cienda
463 733 577 780 erat,
614 723 828 768 maximis
858 733 903 768 et
929 739 1200 785 guerrarum
1225 732 1269 768 et
1299 723 1667 772 latrunculorum

265 796 559 843 obsideretur
584 799 819 861 periculis.
848 798 938 845 Sed
965 799 1105 844 etiam
1128 809 1173 844 et
1198 799 1314 845 citra
1338 809 1384 844 et
1405 799 1553 844 multo
1576 816 1670 846 am-

265 872 384 934 plius
420 874 538 919 ultra
572 877 845 936 Pyrenaeum
880 875 950 920 sol
984 875 1317 932 incalescebat,
1355 876 1419 921 ita
1455 885 1530 933 ut,
1562 893 1668 922 cum

267 951 577 998 barcinonam
600 954 831 1010 venimus,
851 963 897 998 et
917 952 1032 998 fabae
1055 953 1104 998 in
1128 954 1249 1015 agris
1267 953 1365 1015 jam
1388 954 1518 999 siccae
1542 963 1587 999 et
1605 955 1671 999 ni-

264 1044 370 1089 grae,
398 1038 441 1073 et
466 1045 636 1075 messes
658 1045 713 1075 ex
732 1039 864 1092 parte
887 1029 1090 1076 collectae
1115 1040 1282 1076 essent.
1311 1030 1403 1076 Sed
1424 1041 1523 1077 esto
1544 1031 1671 1093 quod

264 1120 351 1150 nec
376 1105 434 1150 de
459 1107 638 1152 viaticis
662 1107 819 1169 aliqua
844 1105 983 1152 nobis
1005 1106 1196 1152 daretur
1218 1108 1443 1170 provisio,
1471 1124 1558 1153 nec
1577 1108 1671 1154 ulla

264 1182 372 1227 satis
400 1182 658 1244 probabilis
692 1184 811 1229 ratio
845 1184 1046 1246 exigeret
1080 1193 1132 1228 ut
1165 1184 1245 1230 tali
1284 1184 1470 1229 muneri
1504 1183 1672 1230 subde-

263 1274 438 1316 remur,
461 1269 644 1318 tamen,
676 1261 831 1306 omnis
853 1261 1164 1306 excusationis
1186 1261 1356 1323 rejecta
1374 1260 1667 1321 allegatione,

263 1334 401 1380 nobis
430 1352 593 1399 parere
628 1337 870 1400 praeceptis
899 1353 1086 1382 necesse
1117 1337 1217 1382 fuit.
1245 1337 1330 1382 Illo
1354 1337 1510 1399 itaque
1532 1347 1666 1393 tunc,

263 1422 314 1456 ut
335 1412 554 1471 diximus,
584 1425 815 1477 tempore,
842 1432 951 1460 cum
974 1415 1115 1478 potiri
1137 1415 1327 1461 licentia
1349 1415 1408 1461 de
1426 1415 1670 1460 redeundo

262 1490 310 1534 in
344 1491 588 1536 Franciam
621 1492 758 1537 nobis
790 1492 973 1538 indulta
1005 1509 1340 1555 sperassemus,
1374 1503 1420 1538 et
1441 1493 1562 1538 infra
1596 1493 1671 1538 tri-

263 1566 411 1611 duum
436 1583 523 1611 nos
554 1583 815 1613 recessuros
848 1569 1269 1630 proposuissemus,
1299 1569 1558 1614 necessario
1583 1585 1670 1614 no-

262 1641 334 1687 bis
356 1642 749 1705 proficiscendum
783 1644 866 1689 suit
895 1654 940 1689 et
969 1643 1182 1706 praefatos
1216 1644 1387 1690 ducem
1416 1661 1470 1690 ac
1502 1644 1668 1691 urbem

262 1720 572 1765 Barcinonam
598 1721 744 1766 adire.
773 1724 825 1765 In
851 1738 945 1783 quo
970 1722 1150 1775 itinere,
1177 1738 1286 1766 cum
1309 1723 1459 1784 patria
1480 1723 1559 1768 illa
1584 1725 1669 1768 Ca-

262 1796 445 1841 taloniae
476 1812 577 1858 quae
597 1797 971 1859 Ampuritanun1¹
996 1798 1273 1860 appellatur,
1304 1799 1507 1843 totaliter
1539 1816 1670 1862 paene

260 1873 398 1918 variis
428 1889 700 1934 guerrarum
729 1872 1071 1920 calamitatibus
1097 1884 1294 1931 vastata,
1325 1884 1423 1921 tota
1455 1876 1670 1937 squalens

261 1959 399 2010 atque
423 1949 599 1994 inculta
624 1949 816 2011 jaceret,
844 1960 1030 1995 tantam
1061 1950 1375 2013 hospitiorum
1402 1952 1667 1997 incommo-

261 2024 475 2083 ditatem,
502 2034 680 2071 tantam
707 2026 978 2072 victualium
1010 2037 1375 2090 caeterarumque
1401 2045 1557 2074 rerum
1582 2046 1668 2091 pe-

262 2102 446 2145 nuriam
466 2103 587 2164 passi
604 2119 780 2163 sumus,
802 2113 852 2148 ut
875 2119 1006 2166 pzrne
1030 2103 1287 2166 aliquando
1312 2121 1398 2149 nos
1413 2114 1473 2162 et,
1498 2104 1667 2166 quibus

262 2176 567 2236 vehebamur,
595 2179 809 2241 jumenta
842 2179 962 2226 same
988 2180 1310 2226 defecerimus.

260 2295 433 2337 Joumwx,
457 2294 683 2328 serenis-sinze·
703 2295 845 2329 domini
872 2298 968 2342 regis
988 2295 1257 2343 primogenitas
1275 2322 1285 2339 ,
1307 2299 1455 2341 esusque
1474 2307 1665 2341 regnorum

261 2363 296 2390 et
325 2363 505 2389 terrarum
532 2357 767 2402 Aragonum,
794 2356 928 2391 Sc'ciliae
944 2383 954 2400 ,
975 2364 1063 2401 etc„
1084 2354 1307 2403 gubernator
1336 2363 1373 2389 et
1398 2357 1512 2390 locum
1542 2364 1666 2390 tenens

256 2417 461 2463 generalis,
482 2416 562 2449 dua:
584 2414 765 2451 Calabria:
785 2424 821 2450 rt
844 2416 1094 2463 Locharitzgioe
1114 2429 1158 2450 ac
1179 2419 1358 2463 prim-eps
1377 2417 1569 2452 Geramloe.
1595 2419 1666 2452 Les

262 2484 358 2512 mots
378 2475 475 2512 bonoe
486 2480 681 2520 memoria’,
697 2476 841 2512 accoles
862 2481 881 2512 :i
902 2489 969 2512 son
991 2489 1092 2524 nom,
1117 2476 1315 2526 indiquent
1333 2477 1423 2526 qn'il
1444 2477 1543 2513 avait
1562 2478 1665 2513 cesse

261 2537 308 2575 de
336 2538 442 2574 vivre
476 2538 627 2586 lorsque
656 2538 816 2574 Thomas
844 2538 954 2574 Basin
974 2538 1130 2574 ‹³crivait
1156 2551 1224 2574 son
1249 2539 1437 2589 apologie.
1467 2539 1666 2576 Effective-

262 2608 365 2636 ment
388 2600 411 2635 il
444 2608 595 2636 mourut
624 2612 671 2636 en
697 2602 814 2645 1470,
843 2600 937 2637 ainsi
969 2600 1083 2649 qu'on
1115 2601 1162 2636 l'a
1188 2600 1271 2646 (lcja
1299 2601 1364 2637 fait
1392 2613 1612 2650 remarquer
1641 2602 1662 2636 εὶ

261 2661 452 2697 l’Histoire
476 2661 525 2697 du
546 2662 661 2711 regne
681 2661 727 2698 de
746 2662 858 2698 Lonis
883 2664 951 2708 XI,
977 2671 1002 2698 t.
1026 2665 1081 2705 ΙΙ,
1104 2675 1143 2711 p.
1169 2664 1258 2699 277.

317 2725 354 2758 1.
386 2726 438 2758 Le
459 2722 740 2772 Lampourdan.
