1875 2956
704 189 848 225 LIBER
876 188 1072 224 PRIMUS.
1514 190 1588 224 323

190 284 351 320 contra
372 274 476 318 illos
498 273 759 319 homicidas
781 273 950 319 dicitur
979 274 1115 318 fuisse
1141 281 1433 335 prosecutus⁷
1462 274 1586 332 quod

189 351 327 396 etiam
351 349 525 395 salvam
542 349 750 411 gardiam
772 350 890 412 regis
912 350 1156 395 violarant.
1180 351 1292 404 Quae
1313 347 1499 409 qualem
1515 363 1589 392 ac-

187 427 359 490 ceperit
387 427 580 486 exitum,
603 426 817 473 nondum
844 426 981 471 nobis
1001 426 1108 472 satis
1130 434 1342 470 constare
1366 423 1592 469 hactenus

188 505 354 566 potuit.

251 579 455 625 Stolidus
483 590 639 626 autem
665 580 879 643 praefatus
908 577 1151 636 sacerdos,
1186 594 1350 640 quem,
1378 588 1429 623 ut
1454 595 1593 642 supra

187 656 452 715 retulimus,
483 657 651 719 impius
682 656 755 701 ille
779 655 958 701 satelles
989 655 1163 716 regius,
1191 655 1288 717 ejus
1318 671 1588 716 germanus,

188 734 247 779 ad
273 735 515 780 ecclesiam
539 743 747 779 nostram
776 733 925 778 facere
950 732 1218 795 promoveri
1244 731 1520 789 conabatur⁷
1549 742 1592 777 et

188 809 245 855 dc
263 827 356 872 qua
375 810 512 856 veluti
531 826 614 873 per
634 809 816 854 obitum
836 819 1049 854 nostrum
1064 818 1260 854 vacante
1274 809 1592 872 provisionem

189 887 235 930 iu
261 888 473 933 Romana
506 887 635 932 curia
666 903 713 931 se
744 884 999 931 obtinuisse
1035 895 1079 930 et
1113 885 1286 930 litteras
1309 885 1593 948 expedivisse

186 970 325 1022 atque
353 971 610 1024 reportasse
628 959 850 1022 jactabat,
881 960 1102 1005 omnibus
1127 977 1293 1006 exosus
1316 971 1453 1023 atquc
1475 961 1593 1006 invi-

188 1055 279 1093 sus,
307 1039 352 1082 in
378 1039 546 1084 misera
565 1038 777 1084 victitans
802 1047 1091 1101 paupertate,
1119 1038 1298 1082 cunctis
1320 1038 1522 1083 irrisioni
1550 1047 1596 1082 et

186 1113 392 1160 ludibrio
417 1125 563 1178 patet,
591 1114 800 1176 quotidie
825 1113 1258 1159 excommunicatus
1281 1125 1375 1160 tam
1399 1131 1484 1178 pro
1505 1131 1592 1159 aere

187 1189 357 1247 alieno,
382 1191 511 1253 quod
534 1191 638 1237 fecit
661 1191 708 1236 in
732 1207 814 1237 sua
834 1190 1000 1236 stolida
1024 1191 1225 1236 ecclesia·
1247 1202 1414 1236 nostra·
1438 1207 1594 1254 prose-

186 1267 390 1325 cutione,
418 1283 559 1329 quam
592 1284 677 1330 pro
701 1269 793 1312 suis
813 1267 1088 1312 criminibus
1109 1277 1153 1312 et
1175 1268 1277 1312 vita»
1301 1284 1443 1330 quam
1467 1267 1595 1312 ducit

189 1343 473 1405 turpitudine
495 1354 541 1389 et
565 1344 807 1389 foeditate¹.
836 1344 912 1389 Sic
939 1343 1068 1406 quod
1093 1344 1200 1389 satis
1226 1345 1271 1388 in
1301 1342 1424 1389 dicta
1450 1343 1595 1405 impia

184 1428 229 1463 et
253 1419 413 1481 iniqua
440 1420 629 1478 familia,
656 1436 744 1482 pro
767 1436 957 1465 suarum
986 1420 1278 1482 impietatum
1302 1420 1494 1475 meritis,
1522 1419 1592 1463 di-

185 1495 301 1540 viuae
317 1495 501 1556 justitiae
518 1512 713 1541 censura
733 1513 796 1552 se,
823 1495 989 1559 procul
1012 1495 1177 1554 dubio,
1198 1496 1354 1558 palam
1372 1495 1594 1543 omnibus

184 1572 357 1617 indicat
381 1582 518 1633 atque
545 1572 823 1636 manifestat.

246 1648 337 1694 Sed
367 1659 435 1706 et,
474 1648 877 1710 quemadmodum
913 1665 1052 1712 supra
1083 1649 1477 1713 perstrinximus‘2‚
1519 1649 1594 1695 ille

185 1740 436 1785 generosus
467 1725 658 1770 cadetus
690 1724 900 1779 Dalbret‚
937 1725 994 1769 de
1021 1725 1312 1770 nobilissima
1335 1724 1482 1770 domo
1512 1742 1592 1771 co-

186 1801 351 1845 mitum
383 1799 580 1845 Dalbret
609 1800 730 1845 filius
764 1811 808 1845 et
841 1800 985 1845 haeres
1018 1817 1072 1845 ex
1106 1812 1260 1864 parte,
1302 1802 1381 1863 qui
1413 1802 1592 1864 primus

185 1877 314 1922 dono
353 1877 506 1938 regio,
550 1894 663 1922 ausu
702 1877 879 1923 nefario
916 1887 961 1924 et
996 1878 1218 1940 sacrilego
1253 1879 1593 1942 temporalibus

184 1955 386 2000 ecclesiae
405 1965 571 2000 nostrae
590 1955 763 2018 potitus
788 1955 950 2014 fuerat⁷
980 1972 1127 2018 eaque
1148 1957 1195 2001 in
1218 1973 1326 2001 suos
1349 1968 1593 2003 converte-

183 2043 253 2078 rat
272 2032 495 2095 profanos
515 2049 639 2087 usus,
664 2032 805 2077 etiam
822 2032 990 2077 divinae
1008 2032 1198 2078 ultionis
1220 2033 1475 2080 vindictam
1494 2052 1591 2081 non

183 2108 357 2170 effugit.
389 2112 506 2154 Nam
538 2109 679 2172 paulo
707 2119 811 2172 post
833 2108 1165 2173 praedictorum
1190 2126 1348 2168 neces,
1384 2127 1500 2173 quas
1522 2129 1592 2158 re-

184 2185 388 2242 tulimus,
415 2186 555 2231 etiam
586 2186 699 2249 ipse,
730 2202 838 2231 cum
867 2188 913 2231 in
940 2187 1195 2248 quamdam
1217 2203 1325 2249 erga
1352 2204 1509 2250 regem
1532 2189 1591 2235 de

185 2263 449 2325 proditione
472 2279 527 2308 ac
554 2262 752 2326 perfidia
777 2263 1091 2326 suspicionem
1116 2264 1399 2322 incurrisset,
1427 2281 1455 2310 a
1484 2282 1591 2328 rege

185 2340 331 2403 capite
369 2341 529 2403 plexus
570 2339 962 2401 membratimque
1001 2340 1230 2401 laniatus,
1276 2341 1589 2388 miserabilem

240 2477 276 2511 4.
306 2474 337 2511 Il
354 2475 441 2512 etait
460 2485 558 2513 mort
576 2477 729 2526 lorsque
751 2476 968 2514 Guillaume
988 2478 1110 2524 Reda,
1126 2479 1191 2528 qui
1207 2493 1253 2516 en
1271 2481 1377 2530 parle
1392 2494 1438 2518 en
1454 2489 1590 2518 termes

186 2545 378 2582 couverts,
400 2537 531 2575 ecrivit
547 2551 614 2574 son
635 2537 790 2575 histoire
810 2538 876 2575 des
896 2539 1063 2589 eveques
1085 2539 1296 2579 d⁷Utrecht,
1321 2542 1409 2579 Voir
1428 2543 1591 2580 Pextrait

186 2598 362 2647 rapporte
381 2599 500 2648 parmi
518 2599 572 2635 les
592 2600 716 2650 pieces
735 2600 785 2638 du
805 2603 869 2638 1v⁰
892 2601 1057 2639 volume.

240 2661 277 2697 Ξ.
309 2659 513 2706 Ci-dessus‚
536 2675 573 2712 p.
597 2664 687 2698 281.
