1875 2956
294 225 368 259 :3:56
848 223 1097 258 APOLOGIA
1112 251 1121 267 ‚

292 329 414 369 care,
435 322 598 357 contra
620 311 767 369 legem
792 325 900 353 eum
923 309 1034 353 cardi
1056 308 1268 370 jubebat,
1288 328 1523 357 summum
1546 328 1696 357 sacer-

292 390 449 434 dotem
473 398 511 432 et
542 387 704 450 populi
726 386 987 448 principem
1022 384 1273 444 nesciebat,
1299 404 1406 433 cum
1429 389 1521 451 hoc
1542 397 1697 450 ageret

293 483 386 511 non
411 483 465 510 cx
492 465 698 525 legitimo
724 463 888 508 ordine
915 473 1114 526 accepta·
1137 466 1392 527 potestatis,
1416 467 1491 512 sed
1515 483 1596 512 sua
1620 483 1696 512 ne-

290 544 442 604 quiter
466 551 509 585 et
530 539 910 586 irrationabiliter
936 539 1108 584 abusus
1130 549 1358 602 potestate
1389 559 1397 586 :
1426 559 1695 605 quanquam

291 621 446 673 etiam,
485 634 540 662 co
572 617 701 680 quod
724 617 924 678 dignitas
954 617 1113 678 legalis
1142 617 1386 663 sacerdotii
1421 635 1503 681 per
1528 621 1694 666 Christi

290 694 603 740 sacerdotium
619 694 717 757 jam
739 704 959 739 cessasset
976 703 1021 739 et
1038 704 1261 740 evacuata
1274 705 1411 752 esset,
1438 705 1560 741 recte
1576 697 1698 743 dixe-

289 773 345 816 rit
380 773 594 818 nesciisse
617 789 726 817 eum
755 788 992 816 summum
1029 771 1337 817 sacerdotem.
1376 774 1513 817 Hunc
1541 783 1696 820 autem

289 849 573 894 intellectum
597 847 817 894 habuisse
840 847 1113 911 Apostolum
1137 847 1267 909 quod
1291 857 1401 893 tunc
1422 849 1623 911 principi
1641 851 1697 896 sit

286 925 567 988 parendum,
595 942 703 970 cum
735 934 925 987 accepta
957 941 983 970 a
1018 927 1119 970 Deo
1144 924 1347 985 legitime
1380 925 1525 970 utitur
1545 935 1697 988 potes-

288 1013 397 1062 tate,
424 1003 550 1049 idem
572 1002 836 1065 Apostolus,
861 1002 907 1046 in
927 1000 1053 1048 dicto
1078 1002 1284 1065 capitulo
1304 1002 1509 1065 epistolae
1533 1020 1622 1048 suae
1639 1004 1697 1049 ad

287 1081 554 1139 Romanos⁷
592 1080 700 1125 satis
727 1078 908 1140 liquido
941 1077 1161 1124 ostendit.
1186 1078 1318 1124 'Cum
1352 1080 1479 1124 enim
1513 1078 1697 1126 dixisset

286 1157 434 1219 quod⁷
461 1157 539 1219 qui
574 1156 790 1220 potestati
823 1156 1063 1215 resistunt⁷
1102 1157 1188 1220 ipsi
1224 1155 1312 1202 sihi
1345 1154 1697 1202 damnationem

285 1234 551 1296 acquirunt,
585 1233 760 1291 statim,
793 1231 904 1278 dicti
932 1232 1002 1277 sui
1024 1232 1224 1278 reddens
1254 1232 1502 1292 rationem,
1536 1233 1698 1295 adjun-

289 1312 386 1372 git:
421 1331 441 1352 «
473 1313 591 1356 Nam
621 1310 858 1373 principes
897 1325 993 1355 non
1031 1320 1140 1355 sunt
1176 1309 1331 1354 timori
1362 1309 1477 1355 boni
1517 1311 1693 1372 operis,

287 1388 367 1432 sed
393 1387 521 1433 mali.
559 1387 637 1432 Vis
661 1397 818 1432 autem
849 1403 948 1432 non
983 1387 1146 1432 timere
1175 1387 1486 1450 potestatem?
1516 1390 1696 1433 Bonum

289 1465 358 1510 sac
387 1476 432 1510 et
460 1464 658 1511 habebis
686 1464 875 1510 laudem
907 1481 962 1509 ex
985 1464 1087 1520 illa3
1117 1465 1202 1508 Dei
1236 1465 1362 1509 enim
1387 1464 1595 1510 minister
1630 1474 1697 1510 est

289 1541 371 1586 tibi
390 1542 436 1586 in
456 1541 655 1586 bonum.
681 1542 726 1585 Si
752 1551 907 1586 autem
933 1540 1052 1586 male
1077 1541 1256 1599 feceris,
1276 1541 1409 1597 time3
1438 1561 1457 1582 »
1476 1550 1521 1586 et
1534 1550 1697 1586 caetera

288 1634 390 1679 quae
415 1627 691 1679 sequuntur,
718 1634 771 1661 ex
797 1616 968 1678 quibus
991 1616 1232 1661 manifeste
1257 1617 1459 1662 ostendit
1483 1626 1594 1662 tunc
1614 1633 1696 1679 po-

290 1695 527 1740 testatibus
559 1706 604 1739 et
636 1693 926 1756 principibus
960 1693 1222 1756 parendum
1260 1704 1305 1739 et
1338 1703 1447 1739 tunc
1485 1711 1565 1740 eos
1599 1712 1695 1741 esse

289 1771 546 1829 timendos,
596 1787 704 1815 cum
755 1780 946 1832 accepta
999 1779 1225 1832 potestate
1271 1786 1297 1815 a
1343 1773 1443 1815 Deo
1493 1771 1695 1830 legitime

290 1859 483 1895 utuntur
511 1858 556 1893 et
583 1848 744 1894 debito
774 1847 939 1893 ordine
969 1847 1169 1908 justitia,
1205 1847 1379 1892 scilicet
1412 1847 1472 1893 ad
1503 1847 1695 1894 tutelam

288 1938 331 1971 et
355 1927 677 1973 defensionem
699 1925 957 1970 insontium
981 1933 1025 1968 et
1047 1923 1309 1982 bonorum,
1337 1923 1415 1985 qui
1446 1922 1562 1968 nihil
1587 1921 1693 1968 mali

289 2013 498 2065 egerunt,
525 2013 570 2048 et
590 2002 886 2065 punitionem
914 2010 1052 2062 atque
1079 2000 1411 2046 coercitionem
1441 1999 1691 2057 malorum,

290 2081 336 2125 in
358 2097 476 2142 quos
499 2089 697 2142 acceptae
717 2077 957 2141 potestatis
981 2076 1187 2137 gladium
1204 2091 1411 2122 exserere
1434 2075 1624 2121 debent.

743 2291 1076 2336 CAPITULUM
1118 2289 1258 2332 XXV.

368 2416 406 2448 In
423 2427 493 2460 quo
513 2421 692 2459 ponuntur
710 2421 742 2446 et
758 2413 832 2445 alise
850 2410 1074 2456 objectiones,
1094 2409 1138 2442 ad
1154 2422 1238 2454 quas
1251 2410 1351 2443 ctiam
1370 2409 1613 2455 respondetur.

356 2534 444 2580 Sed
487 2533 642 2579 adhuc
684 2532 873 2593 objiciet
910 2530 1075 2591 aliquis
1116 2529 1245 2590 quod
1282 2530 1476 2575 minime
1514 2530 1695 2575 licuerit

292 2611 428 2656 nobis
461 2609 754 2672 corporalem
788 2607 1078 2671 praesentiam
1110 2606 1258 2667 gregis
1285 2605 1423 2652 nobis
1457 2606 1693 2652 commissi

293 2685 568 2746 relinquere,
595 2691 817 2745 praetextu
840 2681 979 2727 etiam
1003 2681 1338 2741 cujuscumque
1357 2679 1693 2742 persecutionis
