1875 2956
705 206 845 240 LIBER
872 205 1065 241 PRIMUS.
1506 210 1576 244 291

191 299 374 335 nostros
414 290 620 350 laboreS,
663 292 924 338 ministrare
972 308 1069 337 non
1109 290 1282 354 potius¹
1316 307 1501 336 summo
1538 306 1583 340 et

187 376 360 413 aeterno
407 369 516 430 Regi
567 385 710 430 quam
755 369 938 414 mortali
986 367 1184 431 principi
1226 366 1580 429 reputabam1153

189 445 320 506 cujus
338 445 547 507 profecto
575 446 838 504 servitium,
866 444 1033 490 talibus
1065 442 1303 489 fraudibus
1325 460 1378 489 ac
1406 445 1585 489 violen—

189 521 261 566 tiis
283 531 540 576 extortum,
569 538 654 567 nec
683 531 893 582 gratum,
920 538 1006 566 nec
1027 519 1292 582 jucundum
1324 521 1420 566 ullo
1448 531 1584 583 pacto

187 598 306 644 effici
331 599 466 645 nobis
494 599 732 662 potuisset.

252 678 308 720 Et
330 692 426 720 non
449 692 505 721 eo
528 675 700 734 minus,
725 689 868 736 quam
890 673 1066 719 sincere
1085 683 1353 734 quantaque
1371 689 1478 718 cum
1495 673 1586 719 fide

186 762 230 797 et
256 752 514 815 integritate
537 750 808 813 hujusmodi
832 750 1197 796 ministraremus
1230 749 1385 795 officio
1401 787 1412 808 ,
1439 766 1586 813 qnan-

189 837 379 890 tumque
398 828 561 873 incolae
579 838 807 874 terrarum
827 827 1013 872 illarum
1031 837 1239 873 nostram
1261 827 1386 890 apud
1403 844 1450 872 se
1473 845 1588 891 prze-

187 904 381 950 sentiam
415 921 572 951 caram
609 913 654 950 et
689 903 1001 950 desideratam
1033 903 1283 963 haberent,
1312 905 1435 967 ipsos
1465 905 1588 949 solos

188 990 316 1026 terra*
339 981 521 1027 accolas
543 996 770 1026 vocamus
794 981 842 1025 in
866 990 1029 1040 testes3
1057 997 1084 1026 a
1105 979 1291 1043 quibus,
1321 979 1427 1025 licet
1451 997 1538 1026 nec
1561 997 1588 1026 a

190 1073 291 1117 rege
324 1058 632 1121 stipendium,
673 1073 758 1102 nec
789 1058 1087 1120 pensionem,
1130 1074 1215 1103 nec
1252 1057 1310 1102 de
1346 1058 1479 1119 sigilli
1511 1067 1590 1103 aut

186 1134 375 1179 aliunde
395 1133 755 1180 obvenientibus
771 1133 1103 1179 emolumentis
1126 1134 1384 1196 quidquam
1404 1134 1589 1197 penitus

186 1211 524 1274 acciperemus,
554 1227 795 1273 nunquam
819 1220 977 1256 tamen
1000 1210 1072 1256 vel
1105 1210 1164 1256 ab
1186 1228 1284 1255 uno
1315 1211 1472 1273 aliquo
1510 1210 1590 1255 de-

187 1287 370 1332 narium
394 1298 473 1333 aiit
497 1288 734 1350 exegimus
758 1297 837 1332 aut
860 1286 1090 1345 oblatum,
1117 1288 1284 1349 gratias
1315 1290 1436 1345 Deo,
1464 1303 1590 1331 rece-

185 1364 355 1424 pimus.
375 1364 517 1419 Quod
535 1381 632 1409 non
651 1364 881 1425 jactanter
895 1364 1125 1425 profecto,
1143 1364 1214 1408 vel
1237 1364 1284 1407 in
1300 1379 1386 1408 nos
1398 1372 1591 1425 propter

184 1438 276 1484 hoc
309 1440 505 1500 gloriam
528 1440 686 1485 referri
710 1440 950 1501 cupientes
971 1476 982 1497 ,
1011 1439 1233 1496 dicimus3
1262 1439 1344 1484 sed
1366 1439 1452 1484 soli
1486 1441 1588 1484 Deo

184 1516 352 1576 gratias
375 1516 640 1575 reddentes,
667 1515 727 1560 de
750 1516 880 1577 cujus
900 1532 1094 1561 munere
1114 1517 1257 1572 venit,
1281 1516 1450 1579 siquid
1472 1515 1589 1561 boni

184 1602 263 1638 aut
299 1592 495 1637 velimus
524 1601 602 1637 aut
627 1591 875 1651 faciamus,
914 1592 1098 1638 dicente
1122 1594 1343 1657 Apostolo
1372 1612 1380 1638 :
1413 1615 1432 1634 «
1463 1597 1588 1639 Deus

182 1679 278 1728 est,
318 1669 398 1731 qui
424 1678 644 1732 operatur
680 1670 728 1714 in
765 1669 901 1715 nobis
934 1679 979 1714 et
1006 1670 1124 1715 velle
1158 1680 1203 1715 et
1241 1670 1464 1733 perficere
1500 1687 1588 1733 pro

184 1745 312 1790 bona
354 1745 621 1800 voluntate3
656 1765 677 1786 2>
708 1754 752 1790 et
784 1745 893 1790 alibi
929 1763 938 1790 ε
982 1765 1003 1788 α
1034 1746 1160 1801 Quid
1199 1746 1347 1792 habes
1383 1767 1403 1788 >³
1438 1747 1590 1808 inquit

190 1842 209 1862 c<
235 1821 364 1884 quod
399 1838 497 1867 non
532 1821 787 1886 accepisti?
823 1822 869 1866 Si
898 1831 1055 1867 autem
1085 1823 1318 1885 accepisti,
1345 1824 1460 1886 quid
1495 1824 1589 1885 glo-

186 1899 330 1954 riaris,
353 1898 484 1961 quasi
507 1915 604 1944 non
625 1897 893 1961 acceperis?
920 1917 941 1939 n
969 1908 1013 1943 et
1034 1899 1168 1961 plura
1187 1900 1234 1944 in
1258 1899 1588 1962 hujuscemodi

183 1976 480 2021 sententiam.

247 2050 338 2096 Sed
358 2050 456 2095 haec
469 2049 677 2112 quodam
698 2050 844 2096 modo
866 2051 1130 2096 verecunde
1147 2061 1192 2097 et
1213 2052 1339 2098 velut
1355 2053 1587 2116 compulsi

184 2127 242 2172 de
282 2125 420 2172 nobis
460 2126 727 2184 referimus,
776 2128 856 2189 qui
892 2127 1015 2173 hanc
1063 2128 1330 2191 apologiam
1376 2140 1585 2176 nostram

183 2214 346 2250 contra
362 2204 730 2250 obtrectatorum
747 2215 886 2267 atque
909 2205 1186 2251 {emulorum
1201 2208 1458 2253 calumnias
1474 2225 1586 2254 con-

184 2281 453 2340 scribimus,
483 2298 541 2326 ne
565 2281 682 2327 forte
707 2292 955 2327 causentur
978 2283 1120 2344 aliqui
1146 2294 1339 2347 propter
1368 2285 1584 2348 improbe

184 2367 229 2402 et
253 2358 464 2420 nequiter
486 2374 513 2404 a
535 2357 674 2403 nobis
698 2368 800 2404 acta
825 2359 872 2403 in
897 2359 1030 2404 terris
1052 2360 1140 2405 illis
1163 2370 1342 2407 tantam
1367 2362 1485 2423 regis
1513 2363 1585 2407 in—

186 2433 466 2493 dignationis
496 2436 806 2498 promeruisse
845 2435 1164 2482 acerbitatem.
1192 2438 1425 2484 Audenter
1458 2439 1584 2483 enim

186 2511 426 2557 asserimus
464 2528 551 2574 pro
594 2512 867 2574 hujusmodi
904 2513 1161 2559 ministerio
1199 2515 1382 2561 nullum
1420 2516 1584 2561 incolis

241 2666 276 2699 1.
307 2663 338 2699 Il
357 2662 432 2700 faut
455 2665 593 2701 effacer
614 2679 684 2712 13012
704 2679 753 2703 ou
773 2666 979 2703 substituer
997 2672 1120 2703 minus
1139 2670 1161 2704 ἐι
1174 2673 1315 2715 potius.
