1875 2956
722 204 863 239 LIBER
891 202 1086 238 SEXTUS.
1555 203 1600 237 57

212 291 415 352 aliquem
462 291 696 353 captivum
737 298 1058 345 servaverunt;
1099 287 1179 333 sed
1221 288 1422 350 passim,
1472 299 1605 349 quot-

212 375 327 428 quot
377 365 465 412 sub
518 382 650 413 suam
694 382 887 413 manum
933 365 1107 411 habere
1152 372 1430 426 potuerunt,
1473 380 1604 426 pere-

212 451 412 488 merilnt.

277 521 331 565 Et
355 520 413 565 de
448 521 637 565 victoria
671 517 861 581 quidem
898 533 953 563 ac
991 532 1190 563 numero
1229 517 1446 579 utrinque
1472 533 1607 563 caeso-

212 613 341 656 rum,
369 598 569 643 multum
594 596 877 653 differenter,
902 595 951 639 in
992 595 1123 640 terris
1157 594 1293 654 regiis
1329 603 1376 639 et
1404 595 1451 638 in
1477 595 1608 639 terris

212 673 359 733 ducis,
385 684 524 735 atque
546 673 671 718 varie
686 669 963 733 jactabatur.
985 673 1102 716 Nam
1117 671 1163 715 in
1184 671 1317 716 terris
1340 670 1491 731 regiis,
1514 671 1606 731 regi

212 751 399 795 cessisse
420 749 665 795 victoriam
684 746 1072 811 promulgabant,
1096 755 1168 805 ut,
1188 762 1272 810 per
1294 745 1475 807 singula
1489 761 1610 808 quae-

213 842 302 887 que
316 826 419 871 loca
438 824 652 886 insignia,
664 826 765 869 Deo
780 824 1030 885 gratiarum
1045 823 1277 869 solemnes
1292 839 1378 886 per
1394 822 1610 868 ecclesias

211 903 418 947 actiones
432 917 519 964 pro
536 901 730 946 victoria
748 899 908 946 habita
927 898 1250 958 redderentur,
1267 909 1309 945 et
1332 914 1417 961 per
1437 898 1611 962 plateas

212 989 256 1024 et
273 980 400 1025 vicos
431 980 560 1040 ignes
583 978 756 1041 ubique
775 1014 786 1036 ,
814 994 902 1041 pro
932 987 1061 1023 tanta
1085 979 1150 1022 rei
1174 977 1440 1034 festivitate,
1466 976 1611 1022 collu-

211 1065 386 1101 cerent.
416 1056 548 1118 Atqui
586 1068 834 1101 nonsecus
854 1056 902 1100 in
927 1055 1058 1100 terris
1081 1054 1229 1113 duciS,
1259 1069 1347 1117 pro
1368 1053 1487 1098 felici
1511 1068 1611 1114 quae

212 1133 276 1178 eis
300 1143 579 1195 provenerat
596 1133 818 1189 victoria,
841 1131 1166 1192 hujuscemodi
1186 1131 1413 1176 solemnia
1434 1138 1613 1192 patrata

213 1219 335 1255 sunt.
363 1210 605 1272 Quidquid
628 1219 782 1255 tamen
797 1209 843 1254 in
861 1208 1130 1270 hujusmodi
1149 1207 1438 1254 solemnibus
1450 1207 1614 1252 laetitiis

212 1295 439 1346 ageretur,
461 1287 662 1331 veriores
696 1301 854 1330 rerum
886 1284 1186 1329 aestimatores
1223 1283 1468 1328 victoriam
1505 1281 1613 1327 duci

212 1363 397 1408 Austriae
417 1371 463 1407 et
484 1363 577 1407 suis
604 1361 874 1424 provenisse
895 1359 1177 1405 asserebant.
1209 1362 1326 1405 Nam
1343 1368 1387 1404 et
1413 1359 1462 1403 in
1487 1359 1611 1416 loco,

214 1438 294 1483 ubi
326 1438 542 1501 proelium
576 1446 845 1482 consertum
882 1436 989 1493 fuit,
1018 1445 1202 1482 constat
1237 1452 1347 1481 eum
1382 1451 1491 1481 cum
1523 1436 1616 1480 suis

214 1515 361 1577 copiis
380 1523 677 1577 pernoctasse
713 1531 723 1559 z
747 1513 878 1576 quod
900 1514 1094 1558 minime
1117 1512 1215 1558 fieri
1234 1513 1483 1576 potuisset,
1507 1528 1616 1557 cum

215 1593 344 1637 locus
377 1591 453 1637 ille
484 1591 606 1638 intra
640 1591 809 1637 limites
843 1601 1072 1637 terrarum
1103 1607 1131 1637 a
1159 1607 1265 1653 rege
1301 1607 1616 1654 possessarum

214 1668 507 1726 consisteret,
535 1668 621 1712 nisi
647 1669 773 1713 caesis
804 1669 876 1713 vel
899 1667 1008 1713 inde
1046 1667 1211 1729 fugatis
1235 1667 1438 1730 fusisque
1472 1667 1617 1712 hosti-

217 1745 322 1804 bus,
366 1744 459 1789 illic
490 1744 800 1807 pernoctandi
845 1743 1112 1790 victricibus
1155 1745 1298 1790 armis
1335 1743 1422 1788 sibi
1461 1743 1619 1788 fuisset

218 1821 443 1883 acquisita
470 1820 677 1866 facultas.

284 1897 418 1942 Initio
443 1913 559 1942 caesa
580 1897 701 1943 ultra
730 1897 893 1943 decem
925 1897 1069 1943 millia
1098 1901 1385 1943 Francorum
1407 1897 1618 1960 peditum

218 1970 511 2028 ferebantur3
539 1970 620 2016 sed
646 1971 950 2034 postmodum
978 1972 1130 2017 verius
1154 1970 1408 2034 putabatur
1436 1971 1530 2017 illic
1562 1972 1619 2017 de

218 2048 326 2112 ipsis
369 2064 466 2094 non
503 2049 624 2094 ultra
659 2065 737 2094 sex
769 2049 841 2095 vel
881 2059 1059 2112 septem
1091 2049 1236 2095 millia
1272 2048 1508 2094 cecidisse.
1554 2052 1616 2094 Ex

217 2124 450 2188 equitibus
473 2142 586 2171 vero
613 2129 900 2172 Francorum
929 2141 1075 2189 parvo
1101 2142 1300 2171 numero
1330 2125 1615 2171 ceciderunt.

220 2204 275 2247 Et
301 2202 454 2248 ferunt
480 2203 623 2266 aliqui
658 2203 814 2266 quod,
841 2219 950 2248 cum
975 2202 1155 2266 pedites
1173 2206 1460 2248 Francorum
1493 2202 1620 2247 vide-

221 2288 328 2324 runt
349 2280 527 2341 equites
552 2296 685 2340 suos,
712 2281 791 2343 qui
815 2280 1075 2342 equitatum
1098 2279 1230 2326 ducis
1251 2316 1262 2338 ,
1290 2279 1356 2324 uti
1381 2295 1521 2343 supra
1550 2295 1619 2323 re-

220 2355 435 2413 tulimus,
468 2357 673 2418 fugando
709 2355 1092 2419 insequebantur,
1136 2357 1222 2402 iter
1262 2371 1428 2419 capere
1466 2371 1622 2399 versus

222 2432 481 2491 Morinum,
514 2433 643 2495 quod
668 2434 753 2496 ipsi
787 2434 1131 2478 aestimaverunt
1157 2448 1238 2478 eos
1270 2431 1427 2493 sugam
1448 2431 1621 2492 cepisse

223 2516 268 2550 et
294 2517 420 2570 terga
445 2510 630 2555 vertisse
659 2509 899 2567 hostibus,
935 2525 1038 2572 quae
1063 2508 1306 2555 aestimatio
1337 2508 1403 2553 eis
1433 2506 1623 2551 immisit

224 2599 445 2644 pavorem
481 2596 526 2631 et
565 2602 752 2632 causam
787 2587 910 2632 exitii
948 2585 1116 2631 attulit.
1151 2584 1241 2630 Sed
1279 2582 1513 2646 profectO,
1555 2582 1622 2627 uti

224 2659 437 2719 diximus,
459 2678 512 2707 ea
528 2663 721 2709 victoria
739 2679 834 2707 non
854 2664 1096 2707 incruenta
1114 2660 1362 2720 Flamingis
1379 2659 1618 2721 provenit,
