1875 2956
750 208 890 243 LIBER
932 207 1127 242 SEXTUS.
1614 210 1632 242 7

244 295 412 358 opibus
439 293 585 338 ditati.
612 294 709 339 Fuit
738 303 781 338 et
814 294 931 337 inter
953 292 1143 338 eosdem
1167 289 1341 349 legatos
1368 288 1536 335 nobilis
1555 294 1635 336 mi·

241 371 305 415 les
348 369 406 416 de
437 370 674 428 Flandria‚
707 370 927 416 dominus
963 368 1020 414 de
1055 365 1340 422 Grcctlzuuse,
1373 381 1481 409 cum
1518 382 1635 411 non-

241 447 378 493 nullis
401 464 602 509 quorum
628 448 820 498 nomina
843 462 938 491 non
965 444 1213 489 1enemus'.

303 524 394 579 Qui
432 540 539 569 cum
578 524 636 569 ad
668 538 822 583 regem
841 520 1162 575 accessissent,
1185 534 1347 563 causas
1381 534 1635 580 exposuere

239 616 330 645 suae
354 600 622 661 legationis,
644 614 806 662 pacem
831 613 940 642 cum
965 611 1048 641 sua
1080 595 1317 657 majestate
1346 593 1521 640 habere
1546 594 1635 639 hu-

238 677 405 723 militer
430 677 743 740 postulantes,
770 683 813 718 et
843 674 1150 736 imprecantes
1178 681 1408 733 quatenus
1437 671 1496 717 ab
1521 672 1637 716 ulte—

237 754 359 799 riore
397 752 704 815 occupatione
735 760 987 807 terrarum,
1009 749 1248 794 civitatum
1273 757 1318 792 et
1351 747 1635 810 oppidorum

237 829 516 892 principissae
552 843 643 872 suae
673 826 810 872 vellet
837 825 1077 884 desistere,
1116 841 1286 887 easque
1322 824 1474 869 eidem
1508 825 1636 870 resti-

237 913 364 950 tuere
399 919 514 965 quas
544 904 641 965 jam
677 911 1014 965 occupaverat3
1046 901 1291 947 offerentes
1317 901 1430 946 xelle
1456 900 1543 946 sibi
1568 901 1637 946 di-

235 981 415 1026 mittere
441 990 487 1026 et
516 979 790 1025 contradere
817 989 958 1025 terras
985 988 1030 1024 et
1052 978 1243 1041 oppida,
1271 994 1372 1039 quae
1393 978 1634 1039 quondam

234 1056 294 1102 ab
323 1058 517 1119 antiquo
545 1056 727 1102 fuerant
750 1055 866 1117 juris
888 1071 1074 1101 coronae
1107 1055 1261 1116 regiae,
1289 1065 1334 1100 et
1372 1065 1479 1100 ante
1505 1072 1636 1116 guer-

234 1149 307 1178 ras
325 1143 471 1194 gestas
485 1149 593 1177 cum
602 1142 748 1195 patre,
765 1148 851 1176 avo
866 1141 911 1176 et
921 1147 1099 1195 proavo
1112 1130 1317 1192 ejusdem
1338 1147 1428 1175 suae
1458 1131 1631 1187 filiolae3

234 1208 371 1254 simul
397 1209 537 1255 etiam
561 1207 710 1254 facere
732 1207 931 1253 hominii
950 1217 1294 1253 sacramentum
1318 1223 1404 1270 pro
1438 1207 1523 1252 illis
1546 1208 1637 1252 feo-

233 1284 433 1347 diS,quae
453 1284 616 1330 eadem
638 1300 720 1329 sua
733 1283 1006 1346 principissa
1023 1283 1081 1328 de
1099 1299 1276 1327 corona
1292 1283 1493 1327 Franciae
1511 1292 1635 1328 tene-

233 1371 325 1417 ret;
347 1371 391 1406 et
413 1360 543 1423 quod
562 1369 815 1406 ressortum
839 1375 1084 1404 causarum
1108 1359 1166 1404 de
1187 1358 1457 1420 hujusmodi
1481 1360 1630 1417 terris,

226 1437 357 1498 juxta
379 1437 593 1498 antiquas
616 1437 745 1498 regni
764 1439 1051 1480 Francorum
1077 1434 1456 1493 consuetudines,
1480 1435 1636 1481 devol-

231 1522 414 1558 veretur
445 1512 505 1558 ad
529 1512 707 1558 curiam
731 1512 1008 1576 parlamenti
1031 1511 1195 1574 regalis
1218 1511 1508 1570 Parisiensis,
1538 1528 1633 1557 non

231 1590 393 1636 habito
419 1599 633 1653 respectu
674 1589 735 1635 ad
757 1598 1005 1635 tractatum
1031 1604 1139 1633 cum
1158 1597 1289 1651 patre
1309 1588 1518 1650 ejusdem
1541 1605 1632 1634 suae

231 1668 532 1731 principissae,
560 1666 686 1730 apud
712 1669 972 1721 Peronam,
1010 1667 1055 1711 et
1079 1665 1195 1711 alios
1227 1681 1336 1710 cum
1366 1664 1535 1710 eodem
1560 1666 1631 1711 vel

231 1744 368 1789 etiam
400 1745 538 1790 bonae
570 1744 805 1788 memoriae
828 1759 917 1788 avo
945 1759 1030 1787 suo
1059 1742 1276 1805 Philippo
1307 1741 1450 1786 factos
1475 1751 1520 1785 et
1553 1742 1632 1787 lia-

230 1819 353 1865 bitos
375 1838 384 1863 ε
413 1836 617 1882 quorum
640 1829 861 1883 praetextu
881 1820 968 1882 ipsi
992 1829 1172 1881 patrem
1193 1834 1330 1863 suum
1346 1827 1392 1863 et
1415 1833 1555 1863 avum
1585 1819 1629 1862 in

230 1898 440 1960 plurimis
471 1897 604 1942 terris
627 1896 974 1958 hujuscemodi,
1003 1912 1103 1958 quae
1133 1894 1192 1940 ab
1221 1894 1416 1956 antiquo
1448 1910 1631 1940 corona?

230 1974 362 2034 regiae
389 1981 737 2036 spectaverant,
761 1971 945 2017 bonum
973 1971 1220 2017 babuisse²
1250 1972 1348 2033 jus,
1374 1980 1420 2015 et
1453 1969 1513 2015 ab
1545 1970 1632 2014 ho-

230 2050 360 2094 minii
385 2059 676 2095 sacramento
696 2058 741 2094 et
763 2049 973 2094 ressortis
994 2048 1054 2093 ad
1083 2047 1255 2092 dictam
1280 2048 1458 2092 curiam
1483 2048 1627 2108 regis,

283 2169 321 2205 1.
352 2167 464 2204 Louis
484 2166 530 2203 de
548 2169 704 2217 Bruges,
727 2168 902 2217 seigneur
922 2166 968 2203 (16
989 2167 1022 2203 la
1038 2165 1267 2214 Gruthuyse,
1287 2165 1406 2201 faisait
1427 2165 1525 2201 aussi
1547 2178 1631 2214 par-

232 2228 279 2265 tie
298 2228 344 2265 de
366 2227 612 2265 l'ambassade
635 2229 681 2265 (16
701 2230 735 2266 la
756 2229 960 2273 duchesse,
983 2241 1075 2265 avec
1097 2228 1269 2277 l'essvfique
1289 2227 1465 2271 (l‘Arras,
1487 2228 1520 2263 le
1547 2240 1631 2276 pre-

231 2291 323 2328 mier
343 2291 499 2328 echevin
521 2291 567 2327 de
586 2291 715 2337 Gand,
734 2292 768 2327 le
789 2291 907 2341 grand
925 2291 1025 2327 bailli
1042 2290 1202 2340 d'Ypres
1224 2298 1261 2326 et
1280 2289 1379 2327 deux
1401 2289 1629 2325 conseillers.

232 2351 493 2389 L'ambassade
515 2353 579 2389 des
604 2345 706 2390 Etats
729 2353 816 2390 etait
842 2353 1042 2403 composee
1068 2352 1114 2389 (le
1142 2352 1259 2388 douze
1286 2364 1490 2401 personnes
1516 2351 1632 2400 parmi

233 2413 427 2461 lesquelles
456 2428 505 2451 on
528 2415 757 2464 remarquait
783 2416 835 2451 les
855 2414 971 2451 abbes
994 2414 1040 2451 de
1061 2414 1321 2451 Saint—Pierre
1341 2413 1386 2449 de
1404 2413 1511 2449 Gand
1534 2421 1567 2448 ct
1589 2412 1633 2447 (le

234 2475 485 2514 Saint-Bertin
498 2505 507 2521 ,
527 2479 579 2513 les
601 2477 883 2527 pensionnaires
901 2477 946 2514 de
966 2476 1162 2514 Bruxelles
1174 2505 1182 2521 ,
1201 2475 1247 2512 de
1266 2475 1374 2513 Gand
1392 2483 1427 2510 et
1445 2474 1491 2509 de
1510 2477 1630 2511 Mons.

234 2544 265 2571 et
299 2536 333 2571 16
366 2550 519 2585 mayeur
553 2538 598 2574 de
630 2538 813 2575 Louvain.
854 2541 1038 2575 Bulletins
1075 2540 1120 2573 de
1164 2539 1392 2574 I'Arade'mie
1427 2538 1551 2581 rayalr
1588 2536 1634 2568 sle

237 2599 448 2643 Bmzelhes,
471 2600 586 2643 1839,
610 2600 729 2648 partie
749 2603 806 2644 ΙΙ,
828 2614 865 2649 p.
889 2602 980 2636 1237.

290 2662 325 2694 2.
360 2662 435 2706 Ipsi
453 2668 565 2706 pater
583 2674 666 2695 suus
686 2670 719 2696 et
742 2675 894 2698 avua...
918 2659 1092 2705 habuere,
1115 2660 1206 2695 dans
1228 2660 1260 2694 le
1283 2672 1350 2694 1112.
