1875 2956
227 261 300 296 348
788 257 1032 292 APOLOGIA
1045 285 1054 299 ,

226 348 533 393 innocentum
561 343 942 408 oppressoribus,
972 343 1166 406 quibus,
1193 347 1311 407 prob
1347 347 1509 393 dolor!
1537 366 1624 394 no-

225 424 318 471 bile
339 424 581 487 quondam
604 438 800 482 regnum
825 421 939 466 illud
965 421 1164 466 nimium
1187 421 1418 483 abundat,
1448 425 1507 470 ad
1530 442 1625 488 poe-

226 519 309 548 nas
350 501 581 558 trahatur,
623 509 849 560 tanquam
890 498 970 559 qui
1006 513 1177 560 corpus
1216 507 1261 543 et
1302 498 1430 545 bona
1466 503 1626 549 omnia

225 578 539 624 consiscasset.

290 657 403 710 Quae
442 670 550 698 cum
583 653 645 697 ita
682 650 807 714 apud
846 650 1189 711 Rothomagum
1214 650 1417 696 factitata
1445 665 1621 713 essent,

224 747 249 775 a
287 729 551 790 talibusque
587 725 1007 774 calummiatoribus
1040 736 1084 771 et
1125 726 1480 789 oppressoribus
1521 745 1626 775 cum

226 807 356 850 omni
387 805 627 866 diligentia
655 813 1023 868 perscrutaretur
1061 804 1097 848 si
1131 804 1247 849 alios
1279 803 1488 849 invenire
1516 822 1628 868 pos-

224 891 348 938 sent,
375 882 423 927 in
455 897 574 942 quos
597 882 769 926 similes
804 880 1070 936 violentias,
1109 879 1245 925 dolos
1277 890 1416 942 atque
1445 883 1629 945 rapinas

225 968 520 1016 exercerent,
551 957 742 1003 tandem
772 957 831 1002 ad
856 957 1006 1002 dictos
1032 966 1123 1001 tres
1147 967 1332 1002 nostros
1356 973 1626 1018 germanos,

225 1051 344 1097 quos
366 1034 514 1097 patria
538 1034 697 1096 pulsos
727 1034 1018 1095 Parisiusque
1043 1033 1305 1079 confinatos
1334 1034 1470 1080 fuisse
1492 1051 1632 1098 supra

225 1111 427 1157 diximus
445 1148 456 1169 ,
486 1120 765 1174 perventum
789 1119 882 1168 est,
914 1110 1193 1172 fueruntque
1223 1111 1309 1174 ipsi
1331 1120 1422 1156 tres
1442 1111 1631 1158 adducti

226 1205 309 1251 per
322 1189 611 1251 apparitores
631 1187 782 1248 regios
798 1186 857 1231 ad
872 1187 1186 1232 Castelletum.
1214 1189 1321 1243 Quo
1344 1204 1454 1233 cum
1474 1204 1633 1235 coram

221 1261 381 1324 judice
405 1261 635 1307 criminali
661 1260 854 1306 fuissent
871 1260 1065 1306 exhibiti
1080 1261 1128 1305 in
1142 1261 1249 1307 loco
1267 1270 1629 1321 tormentorum,

226 1341 272 1385 in
298 1355 393 1401 qno
418 1339 476 1385 de
499 1339 588 1383 reis
607 1338 877 1401 capitalium
902 1338 1153 1383 criminum
1177 1339 1456 1400 quaestiones
1471 1338 1633 1386 haberi

227 1417 400 1472 solent,
429 1416 615 1461 fuerunt
638 1415 837 1476 adjurati
871 1430 1052 1471 omneS,
1080 1414 1167 1460 sub
1202 1432 1343 1479 poena
1369 1416 1548 1480 capitis,
1575 1416 1633 1462 ad

228 1492 508 1554 inquirenda
541 1492 695 1537 dicere
734 1492 992 1538 veritatem.
1035 1492 1176 1549 Quod
1213 1509 1322 1537 cum
1358 1509 1405 1538 se
1432 1492 1635 1539 facturos

223 1570 479 1631 jurassent,
510 1567 697 1613 fuerunt
730 1584 813 1630 per
843 1569 1052 1629 judicem
1079 1569 1335 1629 sigillatim,
1363 1569 1635 1615 absentibus

228 1645 428 1700 muteris,
461 1643 659 1705 quilibet
679 1644 930 1689 examinati
957 1654 1095 1705 atque
1120 1645 1389 1706 interrogati
1415 1661 1529 1707 quas
1554 1662 1635 1708 pe·

229 1720 390 1765 cunias
423 1718 481 1763 de
502 1718 808 1781 proventibus
832 1720 1001 1764 nostris
1026 1720 1344 1765 ecclesiasticis
1379 1730 1518 1782 atque
1558 1737 1637 1783 pa-

229 1794 574 1840 trimonialibus
612 1795 684 1839 vel
718 1810 805 1857 pro
858 1794 994 1839 nobis
1036 1795 1342 1857 recepissent,
1379 1796 1452 1841 vel
1497 1795 1635 1841 nobis

230 1873 554 1929 destinassent,
582 1882 628 1918 et
646 1888 730 1935 per
754 1889 873 1934 quos
897 1872 943 1917 id
970 1873 1145 1918 factum
1168 1874 1425 1920 exstitisset.
1446 1875 1635 1921 Seniore

231 1959 387 1995 autem
412 1966 466 1994 ex
500 1950 609 2012 ipsis
642 1949 817 2008 tribus,
844 1950 924 2011 qui
958 1951 1350 2013 septuagesimum
1367 1952 1464 2013 jam
1492 1952 1636 1997 aetatis

231 2037 483 2072 excesserat
519 2043 697 2072 annum
715 2029 742 2083 ¹,
772 2043 828 2072 eo
855 2027 984 2089 quod
1011 2038 1303 2074 sacramento
1341 2028 1565 2074 firmasset
1588 2045 1635 2073 se

231 2102 289 2147 de
325 2103 464 2148 rebus
494 2104 664 2149 nostris
689 2104 865 2150 nullam
892 2121 1081 2167 prorsus
1104 2106 1321 2152 habuisse
1346 2105 1637 2152 administra-

232 2180 408 2224 tionem
433 2191 512 2225 aut
535 2197 719 2240 curam,
748 2182 956 2240 dimisso,
986 2199 1170 2228 necesse
1196 2184 1296 2229 aliis
1317 2182 1505 2228 duobus
1531 2183 1630 2238 suit,

232 2256 404 2319 quibus
427 2274 581 2302 rerum
610 2268 876 2304 nostrarum
901 2260 1227 2305 omnimodam
1254 2261 1637 2306 commiseramus

233 2335 643 2396 procurationem,
674 2345 723 2379 ut
755 2336 802 2380 in
829 2336 1043 2381 eamdem
1068 2335 1328 2381 concordes
1359 2337 1637 2382 sententiam

234 2426 319 2454 nec
353 2426 380 2455 a
410 2425 458 2456 se
486 2410 686 2455 invicem
713 2410 1002 2456 discedentes
1046 2412 1382 2457 invenirentur.
1422 2413 1563 2468 Quod
1601 2414 1637 2459 si

234 2486 512 2549 deprehensi
553 2486 764 2545 fuissent,
793 2487 1089 2533 manifestum
1121 2489 1186 2533 cis
1220 2489 1524 2552 impendebat
1547 2490 1639 2536 exi-

292 2676 324 2710 1.
357 2675 407 2712 Ce
428 2673 506 2710 doit
535 2674 614 2710 etre
642 2673 778 2711 Michel
803 2674 913 2711 Basin
932 2704 941 2721 ,
971 2688 1035 2711 snr
1057 2675 1179 2725 lequel
1205 2688 1255 2712 on
1284 2683 1462 2714 trouvera
1486 2689 1535 2713 un
1558 2685 1637 2719 acte

235 2736 285 2772 ‹ln
306 2736 390 2786 plus
413 2736 532 2787 grand
553 2736 689 2773 interi-‚t
708 2737 830 2787 parmi
852 2737 904 2774 les
921 2737 1046 2788 pieces
1063 2737 1112 2775 du
1134 2738 1343 2788 quatrieme
1366 2739 1530 2776 volume.
