1875 2956
716 259 761 294 LI
766 261 858 295 BER
886 260 1068 296 PRIMUS
1075 286 1082 294 .
1530 262 1601 297 307

220 346 418 391 Biterris¹
446 347 675 392 civitatem
709 348 794 393 iter
835 347 1059 403 confecit3
1096 347 1142 390 in
1178 361 1272 408 qua
1304 345 1509 408 primum
1545 348 1602 393 (le

211 423 404 467 transitu
434 434 591 468 nostro
619 421 788 470 certio}=
810 424 954 469 factus
986 423 1084 468 fuit.
1111 422 1179 467 lbi
1205 422 1378 484 quippe
1412 422 1470 467 ad
1503 438 1601 467 cer-

211 507 308 542 tum
330 501 551 559 cognovit
573 499 701 561 quod
727 500 847 558 illac,
872 515 1029 544 versus
1051 498 1605 543 Monte1n-Pessulam1m2

211 573 466 633 tendentes,
498 575 739 620 transitum
775 574 1046 619 feceramus.
1081 576 1188 629 Quo
1222 572 1475 628 intellecto,
1502 589 1604 636 spe—

209 666 316 695 rans
341 667 425 695 nos
448 652 655 696 invenire
688 649 930 711 Lugduni,
959 650 1039 694 illo
1062 650 1212 696 rediit.
1252 649 1342 694 Ubi
1376 667 1483 695 cum
1518 667 1604 696 nec

210 744 295 772 nos
318 728 591 784 invenisset,
618 727 720 785 sed,
745 727 858 772 salso
884 742 1078 772 rumore
1104 736 1327 788 accepto,
1357 726 1605 771 audivisset.

211 820 366 849 versus
395 805 615 850 Bituricas
631 805 644 827 ³
675 819 762 848 nos
785 803 952 848 exinde
983 802 1219 865 profectos
1236 838 1247 859 ,
1274 819 1360 848 nos
1382 813 1605 849 assectare

207 891 251 925 et
274 882 320 925 in
349 882 510 926 itinere
533 881 726 944 cupiens
760 879 1023 939 offendere,
1054 895 1257 942 propero
1282 896 1421 924 cursu
1460 896 1606 941 usque

207 957 266 1003 ad
292 958 520 1021 oppidum
543 956 965 1004 Sancti-P01*ciani⁴
988 956 1223 1019 pervenit,
1264 956 1448 1017 illicque
1474 957 1605 1001 intel-

208 1033 315 1078 lexit
362 1035 566 1096 primum
610 1033 735 1097 apud
774 1032 1057 1094 Lugdunum
1096 1047 1124 1077 a
1159 1031 1320 1077 fallace
1363 1032 1517 1077 indice
1559 1048 1606 1077 se

207 1109 341 1154 fuisse
371 1110 600 1155 delusum.
636 1112 752 1156 Nam
776 1124 936 1154 revera
968 1124 1055 1153 nos
1083 1118 1182 1153 tum
1208 1124 1291 1170 per
1324 1108 1605 1169 Lugdunum

208 1186 398 1231 minime
422 1187 664 1233 transitum
702 1186 984 1241 feceramus;
1015 1185 1096 1230 sed
1125 1185 1505 1247 archiepiscopus
1536 1185 1605 1229 Bi-

206 1262 446 1309 turicensis
461 1266 489 1321 ⁵,
518 1266 664 1309 Roma
685 1264 891 1322 rediens,
917 1263 991 1307 his
1020 1262 1186 1308 diebus
1210 1263 1314 1308 illac
1334 1263 1600 1319 transierat,

206 1338 314 1384 inde
339 1339 398 1385 ab
426 1340 591 1385 urbem
614 1356 745 1386 suam
769 1340 1020 1385 Bituricam
1050 1356 1295 1401 regressus.

270 1418 325 1460 Et
347 1418 409 1462 ita
435 1417 705 1478 hujusmodi
736 1417 887 1462 nuntii
911 1416 1184 1461 circuitione
1216 1416 1448 1477 variisque
1480 1433 1604 1462 erro—

205 1491 332 1536 ribus
353 1493 488 1549 actis,
516 1492 630 1537 dum
654 1492 792 1537 nobis
814 1493 861 1536 in
885 1492 1048 1536 itinere
1080 1490 1286 1536 studeret
1308 1500 1408 1536 toto
1434 1492 1602 1536 annisu

204 1583 447 1613 occurrere
464 1603 476 1625 ,
506 1568 823 1614 misericordia
848 1569 931 1612 Dei
958 1567 1130 1612 factum
1167 1567 1252 1612 fuit
1290 1577 1342 1613 ut
1369 1578 1476 1614 ante
1513 1571 1602 1614 Ge-

202 1643 407 1702 bennas,
453 1645 613 1690 locum
665 1654 817 1689 tutum
863 1660 917 1690 ac
964 1660 1204 1701 securum,
1254 1645 1594 1702 inveniremus,

202 1737 344 1782 quam
369 1720 429 1766 ad
457 1738 543 1766 nos
572 1721 669 1783 ipse
699 1721 941 1784 pervenire
963 1721 1203 1783 potuisset.
1231 1723 1319 1765 Per
1344 1722 1496 1784 ipsum
1515 1738 1597 1767 au-

204 1806 295 1841 tem
318 1806 363 1841 et
392 1796 507 1842 alios
527 1795 686 1841 fideles
706 1797 831 1842 viros
858 1796 1075 1841 scivimus
1107 1796 1259 1857 quod,
1285 1807 1391 1859 post
1408 1813 1456 1842 se
1472 1833 1483 1854 ,
1517 1814 1595 1843 rex

203 1873 346 1919 alium
377 1872 621 1918 hominem
650 1873 711 1918 ad
747 1889 834 1917 nos
864 1871 1148 1931 destinabat,
1181 1872 1396 1919 videlicet
1430 1875 1595 1935 magis-

203 1959 325 1994 trum
357 1949 663 1994 Guillermum
688 1948 746 1994 de
778 1949 1001 2007 Clzerzise‘ss,
1028 1948 1165 1994 nobis
1186 1948 1308 1995 bene
1330 1951 1588 2011 cognitum,

201 2043 309 2072 cum
340 2028 439 2073 aliis
460 2028 622 2073 litteris
646 2037 785 2088 atque
814 2026 1198 2072 instructionibus
1222 2037 1268 2072 et
1302 2043 1444 2072 onere
1481 2028 1593 2073 alte-

201 2104 295 2149 rius
336 2104 579 2165 legationis
621 2103 740 2149 ultra
784 2106 1080 2165 Pyrenaeum,
1126 2103 1253 2149 unde
1283 2103 1424 2166 paulo
1457 2113 1589 2161 ante,

254 2225 290 2259 1.
322 2223 481 2260 Beziers.

253 2288 290 2324 ⁶2.
320 2285 571 2335 Montpellier.

254 2349 290 2384 3.
320 2349 500 2398 Bourges.

253 2411 290 2447 [ι.
321 2409 634 2459 Saint-Pourcain
654 2421 701 2445 en
718 2406 992 2449 Bourbonnais.

254 2475 290 2509 5.
320 2475 412 2510 Jean
431 2475 555 2518 Coeur,
578 2472 635 2508 fils
655 2471 707 2507 (lu
728 2470 876 2507 celebre
896 2469 1084 2521 argentier
1103 2470 1149 2507 de
1165 2470 1316 2508 Charles
1336 2474 1416 2509 VII.
1440 2475 1511 2509 Les
1528 2486 1595 2509 au-

203 2543 302 2570 teurs
323 2533 373 2570 du
395 2537 521 2572 Gallia
540 2535 744 2570 christiana
762 2541 828 2569 ont
844 2532 974 2583 ignore
1001 2545 1068 2568 son
1096 2545 1241 2583 voyage
1263 2535 1284 2569 a
1303 2536 1436 2579 Rome,
1459 2533 1549 2570 dont
1568 2534 1592 2570 il

201 2604 257 2633 est
276 2596 445 2645 question
465 2596 526 2633 ici.

256 2660 292 2695 6.
323 2657 534 2694 Guillaume
557 2658 603 2694 de
626 2657 792 2707 Cerisay,
814 2657 963 2707 greffier
993 2656 1043 2692 ‹lu
1073 2657 1301 2705 parlement,
1329 2656 1526 2694 secrctaire
1559 2667 1592 2694 et

177 2732 179 2734 ·
205 2719 460 2769 protonotaire
478 2719 528 2756 du
548 2719 627 2764 roi,
651 2720 732 2768 plus
756 2717 839 2756 tard
856 2717 974 2755 maire
992 2717 1192 2767 d‘Angers.
