1875 2956
652 250 792 285 LIBER
822 250 1016 285 SEXTUS.
1480 257 1526 288 83

141 333 247 379 fidei
273 344 408 381 antea
429 335 612 382 creditae
641 336 848 395 fuerant,
877 335 1051 382 amovit
1072 344 1116 379 et
1143 333 1230 379 sibi
1262 340 1522 398 assumpsit.

141 412 173 454 A
204 419 302 455 toto
336 421 488 457 autem
513 429 641 476 paene
666 412 842 476 populo
872 410 1083 468 civitatis,
1110 409 1347 472 potissime
1373 418 1527 456 tamen

138 483 196 530 ab
234 485 306 532 his
344 488 423 549 qui
453 506 543 534 sure
577 488 787 535 factionis
810 487 1056 550 participes
1090 485 1163 532 vel
1190 486 1329 532 etiam
1366 495 1527 531 aucto-

138 577 207 606 res
234 564 518 623 exstiterant,
547 563 633 610 sibi
665 563 864 610 multum
895 561 1281 626 applaudebatur,
1315 571 1362 608 et
1400 563 1529 624 quasi

138 639 295 701 priscae
340 658 432 688 suae
466 640 688 687 libertatis
723 641 958 686 restitutor
999 638 1186 704 publice
1222 639 1531 703 privatimque

138 716 393 774 serebatur;
425 717 691 779 fiebantque
722 733 807 781 per
840 717 1034 762 civitatis
1062 717 1237 780 plateas
1268 716 1532 780 frequentes

135 793 423 855 epulationes
458 811 541 857 per
562 795 701 848 vices,
747 794 946 839 nuncin
982 809 1077 839 una
1101 793 1288 850 vicinia,
1323 810 1449 839 nunc
1484 793 1528 838 in

135 870 239 927 alia,
277 872 338 917 ita
372 881 422 916 ut
454 872 612 917 civitas
645 871 693 916 in
725 870 864 933 hujus
894 871 1111 917 novitatis
1141 871 1342 917 exordiis
1362 871 1532 933 jugiter

136 946 277 992 ferme
297 946 454 993 festiva
474 947 725 993 videretur.

198 1023 289 1068 Sed
310 1022 518 1086 profecto
544 1040 641 1069 non
664 1023 830 1069 eodem
854 1022 972 1068 fastu
998 1023 1342 1086 responderunt
1361 1023 1525 1069 ultima

135 1098 322 1160 primis3
349 1099 443 1144 imo
481 1099 672 1161 hujusce
695 1115 825 1145 vanae
847 1099 1163 1144 exsultationis
1201 1108 1408 1145 extrema
1432 1109 1559 1145 tan-·

133 1173 242 1219 dem
295 1174 591 1221 calamitosus
639 1193 691 1220 ac
736 1175 1029 1237 gravissimus
1076 1175 1323 1238 occupavit
1362 1174 1528 1220 luctus.

133 1251 222 1306 Qui
273 1268 365 1298 suae
413 1252 692 1298 instaurator
732 1251 926 1297 civitatis
956 1250 1142 1314 publice
1179 1250 1458 1313 jactabatur,
1487 1250 1532 1294 in

135 1336 311 1373 tantam
345 1328 535 1374 demum
559 1329 822 1374 universam
838 1328 1070 1372 civitatem
1100 1343 1155 1372 ac
1179 1336 1274 1372 tam
1295 1325 1530 1372 miserabi-

131 1403 222 1448 lem
245 1405 511 1449 servitutem
537 1404 734 1465 redegit,
774 1413 825 1448 ut
848 1403 961 1448 nihil
1005 1403 1146 1448 ferme
1169 1419 1196 1448 a
1227 1403 1367 1448 servis
1386 1420 1534 1466 poento

132 1479 328 1525 addictis
367 1480 489 1525 cives
519 1481 831 1542 Trajectenses
869 1479 1054 1524 differre
1095 1479 1388 1539 viderentur,
1428 1498 1531 1526 mo-

132 1572 272 1619 reque
290 1557 611 1619 jumentorum
631 1566 710 1603 aut
733 1573 974 1620 pecorum,
996 1558 1166 1620 passim
1185 1557 1406 1603 adversus
1431 1574 1528 1616 eos,

130 1649 247 1695 quos
274 1633 448 1679 eisdem
480 1643 724 1697 paraverat
749 1633 924 1693 hostes,
955 1633 1030 1678 die
1066 1644 1303 1697 noctuque
1336 1651 1420 1697 per
1444 1635 1530 1679 im-

131 1709 264 1769 bres,
300 1711 428 1755 nives
461 1726 514 1756 ac
548 1710 716 1773 frigora
757 1711 880 1756 exire
912 1720 956 1756 et
979 1711 1123 1756 vitam
1152 1727 1284 1757 suam
1313 1711 1529 1774 periculis

131 1786 349 1831 omnibus
385 1804 618 1850 exponere
652 1797 944 1848 cogerentur.
972 1791 1078 1833 Haec
1097 1787 1180 1832 fuit
1199 1787 1404 1847 libertas,
1430 1788 1527 1834 hzec

129 1863 366 1926 privilegia
387 1864 748 1926 Trajectensium
794 1865 1002 1911 restituta
1025 1880 1107 1929 per
1144 1864 1398 1911 adventum
1436 1865 1528 1909 do-

130 1939 245 1984 mini
268 1939 326 1984 de
346 1940 630 1985 Montesorti.

195 2015 264 2060 Ad
287 2016 502 2062 miseram
526 2026 679 2062 tamen
707 2033 799 2062 suae
824 2017 1096 2064 calamitatis
1119 2026 1163 2062 et
1198 2017 1342 2062 ruinae
1385 2017 1525 2063 sortu-

131 2110 237 2139 nam
271 2111 423 2141 crassa
457 2094 682 2157 quadam¹
707 2095 1001 2156 ignoratione
1026 2095 1125 2158 ipsa
1161 2095 1522 2156 Trajectensium

128 2172 308 2217 civitate
347 2189 394 2218 se
425 2181 700 2231 excusante,
737 2172 1050 2219 causabantur
1084 2171 1240 2235 plures
1277 2188 1302 2216 e
1344 2171 1524 2217 civibus

130 2248 433 2310 nonnullique
457 2249 514 2295 de
537 2249 663 2295 clero
686 2248 907 2295 adversus
930 2249 1180 2294 dominum
1214 2257 1259 2294 et
1288 2258 1520 2311 pastorem

129 2340 287 2380 suum,
326 2324 454 2386 quod
487 2325 691 2387 quadam
735 2325 913 2387 majore
959 2323 1222 2389 imperandi
1265 2323 1522 2370 ambitione

129 2399 288 2459 elatus,
305 2401 422 2446 duce
439 2402 607 2447 Carolo
627 2418 849 2463 germano
879 2419 964 2447 suo
987 2402 1248 2465 superstite,
1282 2401 1412 2464 cujus
1435 2417 1519 2446 no-

181 2528 215 2562 1.
244 2529 312 2564 Ms.
339 2544 353 2560 «
377 2529 545 2565 Crassam
565 2529 753 2578 quandam
771 2528 1061 2579 ignorationem.
1075 2545 1092 2562 ι)
1120 2529 1315 2566 Matthaeus
1334 2543 1354 2565 a
1375 2529 1519 2578 corrig(¹

129 2595 228 2623 toute
259 2588 293 2624 la
325 2588 457 2638 phrase
489 2603 634 2626 comme
658 2590 682 2626 il
714 2590 786 2627 suit
818 2607 824 2627 :
854 2607 872 2624 «ι
984 2599 1107 2627 tamen
1138 2604 1213 2627 ,θυῖε
1239 2591 1457 2627 calamitatis
1486 2599 1521 2626 ct

132 2666 146 2680 ι(
173 2648 286 2685 ruinae
312 2651 473 2687 nesciam
498 2664 696 2700 crassaque
725 2652 934 2701 ignorantia
959 2652 1211 2688 excusandam
1233 2652 1350 2700 ipsam
1370 2651 1519 2697 'l'rajec-

130 2726 146 2741 <k
170 2717 325 2745 tensium
347 2719 546 2747 cultatem.
570 2730 583 2742 »
