<?xml version="1.0" encoding="UTF-8"?>
<!DOCTYPE html PUBLIC "-//W3C//DTD XHTML 1.0 Transitional//EN"
    "http://www.w3.org/TR/xhtml1/DTD/xhtml1-transitional.dtd">
<html xmlns="http://www.w3.org/1999/xhtml" xml:lang="en" lang="en">
 <head>
  <title>
</title>
<meta http-equiv="Content-Type" content="text/html;charset=utf-8" />
  <meta name='ocr-system' content='tesseract 3.04.00' />
  <meta name='ocr-capabilities' content='ocr_page ocr_carea ocr_par ocr_line ocrx_word'/>
</head>
<body>
  <div class='ocr_page' id='page_1' title='image "./histoiredesrgn03basi_0155.png"; bbox 0 0 1875 2956; ppageno 0'>
   <div class='ocr_carea' id='block_1_1' title="bbox 718 176 1594 215">
    <p class='ocr_par' dir='ltr' id='par_1_1' title="bbox 718 176 1594 215">
     <span class='ocr_line' id='line_1_1' title="bbox 718 176 1594 215; baseline 0.003 -5"><span class='ocrx_word' id='word_1_1' title='bbox 718 176 862 211; x_wconf 79' lang='lat' dir='ltr'>LIBER</span> <span class='ocrx_word' id='word_1_2' title='bbox 892 177 1087 212; x_wconf 69' lang='lat' dir='ltr'>SEXTUS.</span> <span class='ocrx_word' id='word_1_3' title='bbox 1525 182 1594 215; x_wconf 70' lang='lat'>102:</span> 
     </span>
    </p>
   </div>
   <div class='ocr_carea' id='block_1_2' title="bbox 624 350 1173 395">
    <p class='ocr_par' dir='ltr' id='par_1_2' title="bbox 624 350 1173 395">
     <span class='ocr_line' id='line_1_2' title="bbox 624 350 1173 395; baseline -0.002 -1"><span class='ocrx_word' id='word_1_4' title='bbox 624 351 958 395; x_wconf 77' lang='lat' dir='ltr'><strong>CAPITULUM</strong></span> <span class='ocrx_word' id='word_1_5' title='bbox 992 350 1173 394; x_wconf 83' lang='lat' dir='ltr'><strong>XXVII.</strong></span> 
     </span>
    </p>
   </div>
   <div class='ocr_carea' id='block_1_3' title="bbox 197 480 1600 630">
    <p class='ocr_par' dir='ltr' id='par_1_3' title="bbox 197 480 1600 630">
     <span class='ocr_line' id='line_1_3' title="bbox 197 480 1600 530; baseline -0.004 -13"><span class='ocrx_word' id='word_1_6' title='bbox 197 484 386 527; x_wconf 84' lang='lat' dir='ltr'>Quomodo</span> <span class='ocrx_word' id='word_1_7' title='bbox 404 485 535 518; x_wconf 85' lang='lat' dir='ltr'>rutheri</span> <span class='ocrx_word' id='word_1_8' title='bbox 551 484 940 530; x_wconf 80' lang='lat' dir='ltr'>TrajectensesVianam</span> <span class='ocrx_word' id='word_1_9' title='bbox 958 483 1178 528; x_wconf 78' lang='lat' dir='ltr'>irruperunt3</span> <span class='ocrx_word' id='word_1_10' title='bbox 1194 490 1224 514; x_wconf 87' lang='lat' dir='ltr'>et</span> <span class='ocrx_word' id='word_1_11' title='bbox 1239 480 1282 514; x_wconf 89' lang='lat' dir='ltr'>de</span> <span class='ocrx_word' id='word_1_12' title='bbox 1302 480 1398 513; x_wconf 82' lang='lat' dir='ltr'>clade</span> <span class='ocrx_word' id='word_1_13' title='bbox 1412 481 1600 513; x_wconf 76' lang='lat' dir='ltr'>Amerssor-</span> 
     </span>
     <span class='ocr_line' id='line_1_4' title="bbox 245 536 1599 582; baseline -0.002 -10"><span class='ocrx_word' id='word_1_14' title='bbox 245 540 340 573; x_wconf 87' lang='lat' dir='ltr'>densi</span> <span class='ocrx_word' id='word_1_15' title='bbox 355 567 362 582; x_wconf 89' lang='lat'>‚</span> <span class='ocrx_word' id='word_1_16' title='bbox 383 549 414 574; x_wconf 86' lang='lat' dir='ltr'>et</span> <span class='ocrx_word' id='word_1_17' title='bbox 431 540 473 574; x_wconf 88' lang='lat' dir='ltr'>de</span> <span class='ocrx_word' id='word_1_18' title='bbox 489 541 592 574; x_wconf 69' lang='lat' dir='ltr'>variis</span> <span class='ocrx_word' id='word_1_19' title='bbox 610 540 840 574; x_wconf 78' lang='lat' dir='ltr'>conventibus</span> <span class='ocrx_word' id='word_1_20' title='bbox 858 538 903 572; x_wconf 90' lang='lat' dir='ltr'>ad</span> <span class='ocrx_word' id='word_1_21' title='bbox 918 537 1141 572; x_wconf 84' lang='lat' dir='ltr'>tractandum</span> <span class='ocrx_word' id='word_1_22' title='bbox 1169 536 1211 570; x_wconf 90' lang='lat' dir='ltr'>de</span> <span class='ocrx_word' id='word_1_23' title='bbox 1228 549 1313 582; x_wconf 88' lang='lat' dir='ltr'>pace</span> <span class='ocrx_word' id='word_1_24' title='bbox 1328 549 1347 570; x_wconf 87' lang='lat' dir='ltr'>a</span> <span class='ocrx_word' id='word_1_25' title='bbox 1367 537 1599 582; x_wconf 78' lang='lat' dir='ltr'>Trajectemi-</span> 
     </span>
     <span class='ocr_line' id='line_1_5' title="bbox 244 596 678 630; baseline 0 -2"><span class='ocrx_word' id='word_1_26' title='bbox 244 597 309 628; x_wconf 90' lang='lat' dir='ltr'>bus</span> <span class='ocrx_word' id='word_1_27' title='bbox 327 597 538 630; x_wconf 81' lang='lat' dir='ltr'>simulatorie</span> <span class='ocrx_word' id='word_1_28' title='bbox 556 596 638 630; x_wconf 81' lang='lat' dir='ltr'>actis</span> <span class='ocrx_word' id='word_1_29' title='bbox 655 597 678 628; x_wconf 83' lang='lat'>¹.</span> 
     </span>
    </p>
   </div>
   <div class='ocr_carea' id='block_1_4' title="bbox 189 720 1600 2321">
    <p class='ocr_par' dir='ltr' id='par_1_4' title="bbox 189 720 1600 2014">
     <span class='ocr_line' id='line_1_6' title="bbox 266 720 1598 786; baseline -0.002 -19"><span class='ocrx_word' id='word_1_30' title='bbox 266 724 448 769; x_wconf 81' lang='lat' dir='ltr'>Insidiis</span> <span class='ocrx_word' id='word_1_31' title='bbox 478 724 615 770; x_wconf 87' lang='lat' dir='ltr'>etiam</span> <span class='ocrx_word' id='word_1_32' title='bbox 648 733 694 769; x_wconf 86' lang='lat' dir='ltr'>et</span> <span class='ocrx_word' id='word_1_33' title='bbox 731 722 998 786; x_wconf 86' lang='lat' dir='ltr'>proditione</span> <span class='ocrx_word' id='word_1_34' title='bbox 1033 722 1299 784; x_wconf 87' lang='lat' dir='ltr'>aliquorum</span> <span class='ocrx_word' id='word_1_35' title='bbox 1332 720 1598 766; x_wconf 87' lang='lat' dir='ltr'>accolarum</span> 
     </span>
     <span class='ocr_line' id='line_1_7' title="bbox 197 796 1597 862; baseline -0.003 -18"><span class='ocrx_word' id='word_1_36' title='bbox 197 799 288 844; x_wconf 86' lang='lat' dir='ltr'>loci</span> <span class='ocrx_word' id='word_1_37' title='bbox 329 801 528 859; x_wconf 89' lang='lat' dir='ltr'>rutheri,</span> <span class='ocrx_word' id='word_1_38' title='bbox 565 800 645 862; x_wconf 91' lang='lat' dir='ltr'>qui</span> <span class='ocrx_word' id='word_1_39' title='bbox 692 801 739 845; x_wconf 90' lang='lat' dir='ltr'>in</span> <span class='ocrx_word' id='word_1_40' title='bbox 782 800 965 846; x_wconf 73' lang='lat' dir='ltr'>civitate</span> <span class='ocrx_word' id='word_1_41' title='bbox 1006 815 1092 862; x_wconf 89' lang='lat' dir='ltr'>pro</span> <span class='ocrx_word' id='word_1_42' title='bbox 1134 796 1347 860; x_wconf 81' lang='lat' dir='ltr'>praesidio</span> <span class='ocrx_word' id='word_1_43' title='bbox 1383 796 1597 842; x_wconf 86' lang='lat' dir='ltr'>collocati</span> 
     </span>
     <span class='ocr_line' id='line_1_8' title="bbox 197 872 1598 940; baseline -0.001 -20"><span class='ocrx_word' id='word_1_44' title='bbox 197 886 349 936; x_wconf 86' lang='lat' dir='ltr'>erant,</span> <span class='ocrx_word' id='word_1_45' title='bbox 383 876 663 940; x_wconf 89' lang='lat' dir='ltr'>oppidulum</span> <span class='ocrx_word' id='word_1_46' title='bbox 687 877 962 936; x_wconf 56' lang='lat' dir='ltr'>Vienuanff,</span> <span class='ocrx_word' id='word_1_47' title='bbox 993 885 1185 939; x_wconf 77' lang='lat' dir='ltr'>perante</span> <span class='ocrx_word' id='word_1_48' title='bbox 1213 889 1395 937; x_wconf 84' lang='lat' dir='ltr'>semper</span> <span class='ocrx_word' id='word_1_49' title='bbox 1427 872 1598 919; x_wconf 82' lang='lat' dir='ltr'>civitati</span> 
     </span>
     <span class='ocr_line' id='line_1_9' title="bbox 198 950 1598 1015; baseline -0.003 -17"><span class='ocrx_word' id='word_1_50' title='bbox 198 954 402 999; x_wconf 83' lang='lat' dir='ltr'>amicum</span> <span class='ocrx_word' id='word_1_51' title='bbox 434 963 478 999; x_wconf 92' lang='lat' dir='ltr'>et</span> <span class='ocrx_word' id='word_1_52' title='bbox 511 953 795 1000; x_wconf 82' lang='lat' dir='ltr'>benevolum</span> <span class='ocrx_word' id='word_1_53' title='bbox 812 991 823 1012; x_wconf 89' lang='lat'>,</span> <span class='ocrx_word' id='word_1_54' title='bbox 850 970 904 999; x_wconf 87' lang='lat' dir='ltr'>ex</span> <span class='ocrx_word' id='word_1_55' title='bbox 929 969 1024 1015; x_wconf 90' lang='lat' dir='ltr'>quo</span> <span class='ocrx_word' id='word_1_56' title='bbox 1048 952 1155 997; x_wconf 86' lang='lat' dir='ltr'>loco</span> <span class='ocrx_word' id='word_1_57' title='bbox 1189 951 1332 997; x_wconf 88' lang='lat' dir='ltr'>ferme</span> <span class='ocrx_word' id='word_1_58' title='bbox 1370 950 1471 996; x_wconf 92' lang='lat' dir='ltr'>solo</span> <span class='ocrx_word' id='word_1_59' title='bbox 1509 951 1528 1011; x_wconf 65' lang='grc' dir='ltr'>ζ</span> <span class='ocrx_word' id='word_1_60' title='bbox 1542 966 1598 995; x_wconf 83' lang='lat' dir='ltr'>eo</span> 
     </span>
     <span class='ocr_line' id='line_1_10' title="bbox 197 1028 1598 1094; baseline -0.002 -19"><span class='ocrx_word' id='word_1_61' title='bbox 197 1030 325 1091; x_wconf 90' lang='lat' dir='ltr'>quod</span> <span class='ocrx_word' id='word_1_62' title='bbox 359 1046 440 1094; x_wconf 89' lang='lat' dir='ltr'>per</span> <span class='ocrx_word' id='word_1_63' title='bbox 474 1041 616 1077; x_wconf 80' lang='lat' dir='ltr'>terras</span> <span class='ocrx_word' id='word_1_64' title='bbox 641 1030 775 1076; x_wconf 86' lang='lat' dir='ltr'>ducis</span> <span class='ocrx_word' id='word_1_65' title='bbox 798 1031 982 1076; x_wconf 76' lang='lat' dir='ltr'>Austriae</span> <span class='ocrx_word' id='word_1_66' title='bbox 1018 1029 1165 1075; x_wconf 83' lang='lat' dir='ltr'>libera</span> <span class='ocrx_word' id='word_1_67' title='bbox 1189 1028 1385 1075; x_wconf 85' lang='lat' dir='ltr'>haberet</span> <span class='ocrx_word' id='word_1_68' title='bbox 1415 1043 1598 1073; x_wconf 83' lang='lat' dir='ltr'>exerce-</span> 
     </span>
     <span class='ocr_line' id='line_1_11' title="bbox 198 1105 1598 1172; baseline -0.002 -19"><span class='ocrx_word' id='word_1_69' title='bbox 198 1119 356 1171; x_wconf 87' lang='lat' dir='ltr'>retque</span> <span class='ocrx_word' id='word_1_70' title='bbox 383 1109 687 1170; x_wconf 82' lang='lat' dir='ltr'>commercia)</span> <span class='ocrx_word' id='word_1_71' title='bbox 722 1109 922 1172; x_wconf 85' lang='lat' dir='ltr'>plurima</span> <span class='ocrx_word' id='word_1_72' title='bbox 947 1108 1204 1154; x_wconf 88' lang='lat' dir='ltr'>necessaria</span> <span class='ocrx_word' id='word_1_73' title='bbox 1233 1107 1494 1168; x_wconf 84' lang='lat' dir='ltr'>Trajectum</span> <span class='ocrx_word' id='word_1_74' title='bbox 1517 1105 1598 1151; x_wconf 88' lang='lat' dir='ltr'>ad-</span> 
     </span>
     <span class='ocr_line' id='line_1_12' title="bbox 196 1185 1598 1248; baseline -0.004 -19"><span class='ocrx_word' id='word_1_75' title='bbox 196 1185 502 1243; x_wconf 77' lang='lat' dir='ltr'>vehebantur,</span> <span class='ocrx_word' id='word_1_76' title='bbox 531 1195 675 1231; x_wconf 88' lang='lat' dir='ltr'>noctu</span> <span class='ocrx_word' id='word_1_77' title='bbox 702 1186 970 1247; x_wconf 80' lang='lat' dir='ltr'>irruperunt</span> <span class='ocrx_word' id='word_1_78' title='bbox 985 1187 997 1209; x_wconf 84' lang='lat'>³</span> <span class='ocrx_word' id='word_1_79' title='bbox 1019 1193 1303 1248; x_wconf 85' lang='lat' dir='ltr'>cooperante</span> <span class='ocrx_word' id='word_1_80' title='bbox 1326 1198 1470 1246; x_wconf 88' lang='lat' dir='ltr'>opera</span> <span class='ocrx_word' id='word_1_81' title='bbox 1492 1199 1598 1245; x_wconf 76' lang='lat' dir='ltr'>pro-</span> 
     </span>
     <span class='ocr_line' id='line_1_13' title="bbox 197 1258 1597 1325; baseline -0.002 -19"><span class='ocrx_word' id='word_1_82' title='bbox 197 1261 423 1319; x_wconf 85' lang='lat' dir='ltr'>ditorum,</span> <span class='ocrx_word' id='word_1_83' title='bbox 476 1262 863 1325; x_wconf 83' lang='lat' dir='ltr'>diripueruntque</span> <span class='ocrx_word' id='word_1_84' title='bbox 923 1271 967 1307; x_wconf 88' lang='lat' dir='ltr'>et</span> <span class='ocrx_word' id='word_1_85' title='bbox 1014 1277 1208 1306; x_wconf 87' lang='lat' dir='ltr'>suorum</span> <span class='ocrx_word' id='word_1_86' title='bbox 1254 1276 1399 1305; x_wconf 89' lang='lat' dir='ltr'>manu</span> <span class='ocrx_word' id='word_1_87' title='bbox 1445 1258 1597 1304; x_wconf 72' lang='lat' dir='ltr'>valida</span> 
     </span>
     <span class='ocr_line' id='line_1_14' title="bbox 196 1334 1598 1400; baseline -0.001 -17"><span class='ocrx_word' id='word_1_88' title='bbox 196 1339 634 1397; x_wconf 77' lang='lat' dir='ltr'>comnmniverunt,</span> <span class='ocrx_word' id='word_1_89' title='bbox 665 1354 937 1400; x_wconf 82' lang='lat' dir='ltr'>quanquam</span> <span class='ocrx_word' id='word_1_90' title='bbox 975 1339 1097 1383; x_wconf 86' lang='lat' dir='ltr'>cives</span> <span class='ocrx_word' id='word_1_91' title='bbox 1131 1338 1223 1382; x_wconf 86' lang='lat' dir='ltr'>loci</span> <span class='ocrx_word' id='word_1_92' title='bbox 1250 1335 1366 1381; x_wconf 91' lang='lat' dir='ltr'>nihil</span> <span class='ocrx_word' id='word_1_93' title='bbox 1400 1334 1458 1381; x_wconf 90' lang='lat' dir='ltr'>de</span> <span class='ocrx_word' id='word_1_94' title='bbox 1491 1338 1598 1381; x_wconf 87' lang='lat' dir='ltr'>Tra-</span> 
     </span>
     <span class='ocr_line' id='line_1_15' title="bbox 189 1412 1599 1477; baseline -0.001 -18"><span class='ocrx_word' id='word_1_95' title='bbox 189 1414 474 1476; x_wconf 88' lang='lat' dir='ltr'>jectensibus</span> <span class='ocrx_word' id='word_1_96' title='bbox 524 1415 690 1460; x_wconf 90' lang='lat' dir='ltr'>hostile</span> <span class='ocrx_word' id='word_1_97' title='bbox 734 1415 1102 1477; x_wconf 86' lang='lat' dir='ltr'>suspicarentur,</span> <span class='ocrx_word' id='word_1_98' title='bbox 1140 1429 1227 1458; x_wconf 89' lang='lat' dir='ltr'>nec</span> <span class='ocrx_word' id='word_1_99' title='bbox 1267 1412 1436 1471; x_wconf 88' lang='lat' dir='ltr'>ullam,</span> <span class='ocrx_word' id='word_1_100' title='bbox 1472 1412 1599 1457; x_wconf 80' lang='lat' dir='ltr'>velut</span> 
     </span>
     <span class='ocr_line' id='line_1_16' title="bbox 194 1489 1600 1552; baseline -0.001 -18"><span class='ocrx_word' id='word_1_101' title='bbox 194 1490 309 1535; x_wconf 84' lang='lat' dir='ltr'>nihil</span> <span class='ocrx_word' id='word_1_102' title='bbox 334 1499 614 1547; x_wconf 86' lang='lat' dir='ltr'>metuentes,</span> <span class='ocrx_word' id='word_1_103' title='bbox 644 1499 933 1536; x_wconf 88' lang='lat' dir='ltr'>armatorum</span> <span class='ocrx_word' id='word_1_104' title='bbox 956 1490 1271 1535; x_wconf 89' lang='lat' dir='ltr'>munitionem</span> <span class='ocrx_word' id='word_1_105' title='bbox 1293 1489 1498 1552; x_wconf 88' lang='lat' dir='ltr'>recipere</span> <span class='ocrx_word' id='word_1_106' title='bbox 1522 1504 1600 1532; x_wconf 85' lang='lat' dir='ltr'>vo-</span> 
     </span>
     <span class='ocr_line' id='line_1_17' title="bbox 196 1565 1599 1630; baseline -0.001 -19"><span class='ocrx_word' id='word_1_107' title='bbox 196 1567 387 1612; x_wconf 88' lang='lat' dir='ltr'>luissent</span> <span class='ocrx_word' id='word_1_108' title='bbox 410 1585 419 1610; x_wconf 93' lang='lat'>:</span> <span class='ocrx_word' id='word_1_109' title='bbox 442 1567 498 1611; x_wconf 88' lang='lat' dir='ltr'>de</span> <span class='ocrx_word' id='word_1_110' title='bbox 523 1583 617 1628; x_wconf 89' lang='lat' dir='ltr'>quo</span> <span class='ocrx_word' id='word_1_111' title='bbox 640 1577 797 1612; x_wconf 87' lang='lat' dir='ltr'>tamen</span> <span class='ocrx_word' id='word_1_112' title='bbox 821 1566 880 1612; x_wconf 87' lang='lat' dir='ltr'>ab</span> <span class='ocrx_word' id='word_1_113' title='bbox 906 1566 1124 1612; x_wconf 87' lang='lat' dir='ltr'>utralibet</span> <span class='ocrx_word' id='word_1_114' title='bbox 1144 1566 1347 1630; x_wconf 90' lang='lat' dir='ltr'>partium</span> <span class='ocrx_word' id='word_1_115' title='bbox 1368 1565 1599 1611; x_wconf 86' lang='lat' dir='ltr'>sollicitati</span> 
     </span>
     <span class='ocr_line' id='line_1_18' title="bbox 196 1642 1599 1707; baseline -0.002 -18"><span class='ocrx_word' id='word_1_116' title='bbox 196 1645 376 1689; x_wconf 90' lang='lat' dir='ltr'>fuerant</span> <span class='ocrx_word' id='word_1_117' title='bbox 406 1654 451 1689; x_wconf 91' lang='lat' dir='ltr'>et</span> <span class='ocrx_word' id='word_1_118' title='bbox 478 1645 643 1707; x_wconf 85' lang='lat' dir='ltr'>saepius</span> <span class='ocrx_word' id='word_1_119' title='bbox 664 1645 928 1707; x_wconf 90' lang='lat' dir='ltr'>pertentati.</span> <span class='ocrx_word' id='word_1_120' title='bbox 960 1643 1055 1689; x_wconf 84' lang='lat' dir='ltr'>lilio</span> <span class='ocrx_word' id='word_1_121' title='bbox 1084 1642 1333 1689; x_wconf 85' lang='lat' dir='ltr'>adstabant</span> <span class='ocrx_word' id='word_1_122' title='bbox 1360 1642 1517 1705; x_wconf 87' lang='lat' dir='ltr'>plures</span> <span class='ocrx_word' id='word_1_123' title='bbox 1544 1658 1599 1687; x_wconf 83' lang='lat' dir='ltr'>ex</span> 
     </span>
     <span class='ocr_line' id='line_1_19' title="bbox 193 1721 1599 1783; baseline -0.001 -17"><span class='ocrx_word' id='word_1_124' title='bbox 193 1721 371 1766; x_wconf 82' lang='lat' dir='ltr'>civibus</span> <span class='ocrx_word' id='word_1_125' title='bbox 394 1722 601 1767; x_wconf 69' lang='lat' dir='ltr'>exititiis⁴</span> <span class='ocrx_word' id='word_1_126' title='bbox 621 1722 837 1782; x_wconf 69' lang='lat' dir='ltr'>civitatis,</span> <span class='ocrx_word' id='word_1_127' title='bbox 863 1722 944 1783; x_wconf 88' lang='lat' dir='ltr'>qui</span> <span class='ocrx_word' id='word_1_128' title='bbox 966 1721 1026 1767; x_wconf 88' lang='lat' dir='ltr'>ad</span> <span class='ocrx_word' id='word_1_129' title='bbox 1047 1737 1155 1766; x_wconf 88' lang='lat' dir='ltr'>eum</span> <span class='ocrx_word' id='word_1_130' title='bbox 1171 1721 1352 1779; x_wconf 91' lang='lat' dir='ltr'>locum,</span> <span class='ocrx_word' id='word_1_131' title='bbox 1375 1729 1599 1781; x_wconf 88' lang='lat' dir='ltr'>tanquam</span> 
     </span>
     <span class='ocr_line' id='line_1_20' title="bbox 193 1797 1599 1854; baseline -0.001 -13"><span class='ocrx_word' id='word_1_132' title='bbox 193 1813 410 1843; x_wconf 87' lang='lat' dir='ltr'>securum</span> <span class='ocrx_word' id='word_1_133' title='bbox 448 1807 492 1843; x_wconf 89' lang='lat' dir='ltr'>et</span> <span class='ocrx_word' id='word_1_134' title='bbox 532 1797 811 1854; x_wconf 83' lang='lat' dir='ltr'>neutralem,</span> <span class='ocrx_word' id='word_1_135' title='bbox 850 1813 946 1843; x_wconf 90' lang='lat' dir='ltr'>sese</span> <span class='ocrx_word' id='word_1_136' title='bbox 981 1797 1297 1842; x_wconf 86' lang='lat' dir='ltr'>contulerunt.</span> <span class='ocrx_word' id='word_1_137' title='bbox 1344 1797 1474 1852; x_wconf 89' lang='lat' dir='ltr'>Quos</span> <span class='ocrx_word' id='word_1_138' title='bbox 1514 1812 1599 1841; x_wconf 88' lang='lat' dir='ltr'>ru-</span> 
     </span>
     <span class='ocr_line' id='line_1_21' title="bbox 195 1871 1599 1937; baseline 0 -20"><span class='ocrx_word' id='word_1_139' title='bbox 195 1872 328 1930; x_wconf 86' lang='lat' dir='ltr'>theri,</span> <span class='ocrx_word' id='word_1_140' title='bbox 355 1873 492 1919; x_wconf 87' lang='lat' dir='ltr'>bonis</span> <span class='ocrx_word' id='word_1_141' title='bbox 515 1875 607 1919; x_wconf 88' lang='lat' dir='ltr'>suis</span> <span class='ocrx_word' id='word_1_142' title='bbox 633 1883 796 1920; x_wconf 80' lang='lat' dir='ltr'>exutos</span> <span class='ocrx_word' id='word_1_143' title='bbox 824 1884 869 1920; x_wconf 89' lang='lat' dir='ltr'>et</span> <span class='ocrx_word' id='word_1_144' title='bbox 891 1874 1129 1937; x_wconf 88' lang='lat' dir='ltr'>spoliatos,</span> <span class='ocrx_word' id='word_1_145' title='bbox 1159 1874 1298 1919; x_wconf 90' lang='lat' dir='ltr'>etiam</span> <span class='ocrx_word' id='word_1_146' title='bbox 1320 1871 1380 1918; x_wconf 92' lang='lat' dir='ltr'>ad</span> <span class='ocrx_word' id='word_1_147' title='bbox 1404 1888 1451 1917; x_wconf 85' lang='lat' dir='ltr'>se</span> <span class='ocrx_word' id='word_1_148' title='bbox 1477 1872 1599 1918; x_wconf 88' lang='lat' dir='ltr'>redi-</span> 
     </span>
     <span class='ocr_line' id='line_1_22' title="bbox 195 1949 1462 2014; baseline -0.001 -20"><span class='ocrx_word' id='word_1_149' title='bbox 195 1950 421 1995; x_wconf 90' lang='lat' dir='ltr'>mendum</span> <span class='ocrx_word' id='word_1_150' title='bbox 442 1951 623 2012; x_wconf 83' lang='lat' dir='ltr'>magnis</span> <span class='ocrx_word' id='word_1_151' title='bbox 646 1951 950 2014; x_wconf 78' lang='lat' dir='ltr'>pecuniarum</span> <span class='ocrx_word' id='word_1_152' title='bbox 975 1951 1169 1996; x_wconf 87' lang='lat' dir='ltr'>summis</span> <span class='ocrx_word' id='word_1_153' title='bbox 1191 1949 1462 2012; x_wconf 85' lang='lat' dir='ltr'>adegerunt.</span> 
     </span>
    </p>

    <p class='ocr_par' dir='ltr' id='par_1_5' title="bbox 194 2026 1600 2321">
     <span class='ocr_line' id='line_1_23' title="bbox 260 2026 1599 2090; baseline 0.001 -19"><span class='ocrx_word' id='word_1_154' title='bbox 260 2029 325 2071; x_wconf 88' lang='lat' dir='ltr'>Ea</span> <span class='ocrx_word' id='word_1_155' title='bbox 347 2043 418 2072; x_wconf 88' lang='lat' dir='ltr'>res</span> <span class='ocrx_word' id='word_1_156' title='bbox 441 2028 647 2090; x_wconf 89' lang='lat' dir='ltr'>primum</span> <span class='ocrx_word' id='word_1_157' title='bbox 683 2044 710 2073; x_wconf 90' lang='lat' dir='ltr'>a</span> <span class='ocrx_word' id='word_1_158' title='bbox 745 2027 984 2073; x_wconf 83' lang='lat' dir='ltr'>nonnullis</span> <span class='ocrx_word' id='word_1_159' title='bbox 1014 2026 1410 2089; x_wconf 84' lang='lat' dir='ltr'>Trajectensibus,</span> <span class='ocrx_word' id='word_1_160' title='bbox 1437 2036 1599 2073; x_wconf 88' lang='lat' dir='ltr'>aucto-</span> 
     </span>
     <span class='ocr_line' id='line_1_24' title="bbox 194 2101 1598 2168; baseline 0.001 -21"><span class='ocrx_word' id='word_1_161' title='bbox 194 2101 322 2148; x_wconf 84' lang='lat' dir='ltr'>ribus</span> <span class='ocrx_word' id='word_1_162' title='bbox 364 2113 408 2148; x_wconf 93' lang='lat' dir='ltr'>et</span> <span class='ocrx_word' id='word_1_163' title='bbox 450 2103 709 2149; x_wconf 75' lang='lat' dir='ltr'>fautoribus</span> <span class='ocrx_word' id='word_1_164' title='bbox 746 2104 1036 2162; x_wconf 78' lang='lat' dir='ltr'>rebellionis,</span> <span class='ocrx_word' id='word_1_165' title='bbox 1073 2121 1160 2168; x_wconf 88' lang='lat' dir='ltr'>pro</span> <span class='ocrx_word' id='word_1_166' title='bbox 1205 2104 1323 2150; x_wconf 87' lang='lat' dir='ltr'>felici</span> <span class='ocrx_word' id='word_1_167' title='bbox 1360 2120 1414 2150; x_wconf 83' lang='lat' dir='ltr'>ac</span> <span class='ocrx_word' id='word_1_168' title='bbox 1450 2104 1598 2150; x_wconf 87' lang='lat' dir='ltr'>fausto</span> 
     </span>
     <span class='ocr_line' id='line_1_25' title="bbox 194 2181 1600 2246; baseline 0.003 -23"><span class='ocrx_word' id='word_1_169' title='bbox 194 2190 425 2242; x_wconf 62' lang='lat' dir='ltr'>proventu</span> <span class='ocrx_word' id='word_1_170' title='bbox 458 2181 739 2239; x_wconf 83' lang='lat' dir='ltr'>ducebatur3</span> <span class='ocrx_word' id='word_1_171' title='bbox 773 2182 851 2227; x_wconf 91' lang='lat' dir='ltr'>sed</span> <span class='ocrx_word' id='word_1_172' title='bbox 886 2182 1096 2246; x_wconf 84' lang='lat' dir='ltr'>profecto</span> <span class='ocrx_word' id='word_1_173' title='bbox 1129 2199 1155 2228; x_wconf 89' lang='lat' dir='ltr'>a</span> <span class='ocrx_word' id='word_1_174' title='bbox 1185 2182 1450 2246; x_wconf 86' lang='lat' dir='ltr'>quibusque</span> <span class='ocrx_word' id='word_1_175' title='bbox 1480 2184 1600 2246; x_wconf 88' lang='lat' dir='ltr'>peri-</span> 
     </span>
     <span class='ocr_line' id='line_1_26' title="bbox 195 2255 1599 2321; baseline 0.003 -21"><span class='ocrx_word' id='word_1_176' title='bbox 195 2255 390 2302; x_wconf 88' lang='lat' dir='ltr'>tioribus</span> <span class='ocrx_word' id='word_1_177' title='bbox 426 2274 581 2303; x_wconf 90' lang='lat' dir='ltr'>rerum</span> <span class='ocrx_word' id='word_1_178' title='bbox 631 2259 988 2304; x_wconf 77' lang='lat' dir='ltr'>aestimatoribus</span> <span class='ocrx_word' id='word_1_179' title='bbox 1025 2259 1180 2304; x_wconf 86' lang='lat' dir='ltr'>infelix</span> <span class='ocrx_word' id='word_1_180' title='bbox 1225 2269 1270 2304; x_wconf 88' lang='lat' dir='ltr'>et</span> <span class='ocrx_word' id='word_1_181' title='bbox 1310 2260 1599 2321; x_wconf 86' lang='lat' dir='ltr'>iniquissima</span> 
     </span>
    </p>
   </div>
   <div class='ocr_carea' id='block_1_5' title="bbox 194 2408 1596 2515">
    <p class='ocr_par' dir='ltr' id='par_1_6' title="bbox 194 2408 1596 2515">
     <span class='ocr_line' id='line_1_27' title="bbox 249 2408 1596 2459; baseline 0.001 -16"><span class='ocrx_word' id='word_1_182' title='bbox 249 2410 285 2444; x_wconf 82' lang='lat'>1.</span> <span class='ocrx_word' id='word_1_183' title='bbox 317 2408 492 2458; x_wconf 80' lang='lat' dir='ltr'>Chapure</span> <span class='ocrx_word' id='word_1_184' title='bbox 513 2409 639 2459; x_wconf 78' lang='lat' dir='ltr'>publie</span> <span class='ocrx_word' id='word_1_185' title='bbox 658 2410 750 2447; x_wconf 88' lang='lat' dir='ltr'>dans</span> <span class='ocrx_word' id='word_1_186' title='bbox 769 2411 823 2447; x_wconf 85' lang='lat' dir='ltr'>les</span> <span class='ocrx_word' id='word_1_187' title='bbox 840 2414 1022 2447; x_wconf 79' lang='lat' dir='ltr'>Analecta</span> <span class='ocrx_word' id='word_1_188' title='bbox 1042 2411 1087 2447; x_wconf 81' lang='lat' dir='ltr'>de</span> <span class='ocrx_word' id='word_1_189' title='bbox 1099 2411 1294 2449; x_wconf 74' lang='lat' dir='ltr'>Matthaeus</span> <span class='ocrx_word' id='word_1_190' title='bbox 1315 2421 1350 2447; x_wconf 81' lang='lat' dir='ltr'>et</span> <span class='ocrx_word' id='word_1_191' title='bbox 1370 2411 1462 2447; x_wconf 83' lang='lat' dir='ltr'>dans</span> <span class='ocrx_word' id='word_1_192' title='bbox 1482 2411 1596 2446; x_wconf 49' lang='grc' dir='ltr'><em>ΓΔΗ]-</em></span> 
     </span>
     <span class='ocr_line' id='line_1_28' title="bbox 194 2471 552 2515; baseline 0.014 -12"><span class='ocrx_word' id='word_1_193' title='bbox 194 2471 358 2515; x_wconf 83' lang='lat' dir='ltr'>plissima</span> <span class='ocrx_word' id='word_1_194' title='bbox 377 2474 552 2508; x_wconf 54' lang='lat' dir='ltr'>collatio.</span> 
     </span>
    </p>
   </div>
   <div class='ocr_carea' id='block_1_6' title="bbox 249 2531 691 2693">
    <p class='ocr_par' dir='ltr' id='par_1_7' title="bbox 249 2531 691 2693">
     <span class='ocr_line' id='line_1_29' title="bbox 249 2531 470 2570; baseline 0.023 -6"><span class='ocrx_word' id='word_1_195' title='bbox 249 2531 285 2565; x_wconf 74' lang='lat'>2.</span> <span class='ocrx_word' id='word_1_196' title='bbox 316 2531 470 2570; x_wconf 62' lang='lat' dir='ltr'>viamen</span> 
     </span>
     <span class='ocr_line' id='line_1_30' title="bbox 252 2594 621 2630; baseline 0.011 -4"><span class='ocrx_word' id='word_1_197' title='bbox 252 2594 287 2627; x_wconf 80' lang='lat'>3.</span> <span class='ocrx_word' id='word_1_198' title='bbox 322 2595 365 2627; x_wconf 88' lang='lat'>17</span> <span class='ocrx_word' id='word_1_199' title='bbox 388 2606 485 2629; x_wconf 83' lang='lat' dir='ltr'>mars</span> <span class='ocrx_word' id='word_1_200' title='bbox 506 2595 621 2630; x_wconf 46' lang='lat'>11‘482.</span> 
     </span>
     <span class='ocr_line' id='line_1_31' title="bbox 255 2654 691 2693; baseline 0.014 -6"><span class='ocrx_word' id='word_1_201' title='bbox 255 2654 288 2687; x_wconf 64' lang='grc' dir='ltr'>ἐι.</span> <span class='ocrx_word' id='word_1_202' title='bbox 321 2654 452 2689; x_wconf 76' lang='lat' dir='ltr'>Manli.</span> <span class='ocrx_word' id='word_1_203' title='bbox 474 2656 691 2693; x_wconf 56' lang='lat' dir='ltr'>adscttzciin</span> 
     </span>
    </p>
   </div>
  </div>
 </body>
</html>
