1875 2956
690 193 831 227 LIBER
861 188 1060 228 SEXTUS.
1502 190 1514 224 1
1528 191 1569 224 01

181 288 247 323 ter
273 276 577 339 displiceret¹.
612 280 824 332 Quorum
853 276 1016 322 merito
1044 274 1119 337 pie
1147 272 1273 317 credi
1292 282 1443 334 potest
1466 274 1578 319 divi-

180 369 287 398 nam
322 352 545 413 justitiam
563 356 591 411 ²,
624 355 868 399 clementia
904 358 1237 414 temperatam,
1268 348 1347 393 tali
1384 348 1578 395 civitatis

178 429 358 475 excidio
376 439 476 474 tum
499 431 757 492 pepercisse
769 431 798 474 ³.

242 507 344 549 Non
367 515 520 549 tamen
547 504 723 566 absque
743 502 950 566 plurium
970 516 1285 547 aerumnarum
1313 509 1359 544 et
1384 499 1574 545 calami-

179 591 327 627 tatum
364 582 554 627 cumulo
581 581 740 626 civitas
766 579 1049 642 permansit;
1082 576 1163 622 sed
1189 593 1293 622 eam
1322 586 1368 622 et
1397 576 1578 622 caristia

178 675 378 704 annonae
409 659 696 718 aliarumque
733 672 889 701 rerum
922 654 1142 700 humanis
1174 652 1336 698 usibus
1369 668 1578 699 necessa-

178 735 373 793 riarum,
394 744 531 796 atque
550 734 710 795 inopia
734 742 777 777 et
797 731 1040 795 pauperies
1070 730 1268 791 graviter
1296 729 1574 775 afflixerunt.

177 811 269 867 Qui
301 811 426 855 enim
450 809 661 872 perprius
690 808 974 872 apostolica‘
1008 806 1291 869 patrimonia
1317 805 1580 851 habuerant

176 887 247 932 vel
281 902 439 932 annua
472 886 734 946 vectigalia,
770 885 806 930 si
844 885 890 929 in
928 884 1060 929 terris
1097 883 1229 928 ducis
1263 882 1581 929 consistebant

174 963 190 1024 ζ
201 963 281 1007 ubi
302 972 434 1008 erant
466 962 641 1023 majore
663 977 716 1006 ex
739 961 900 1024 parte)
919 999 929 1020 ‚
959 977 1068 1006 cum
1091 958 1147 1005 ad
1172 958 1335 1004 fiscum
1358 960 1580 1023 principis

175 1050 343 1085 cuncta
363 1039 582 1085 devoluta
604 1038 779 1095 forent,
804 1037 921 1083 nibil
940 1053 1130 1100 prorsus
1148 1036 1258 1081 inde
1275 1036 1580 1082 emolumenti

176 1115 493 1179 percipiebant
512 1133 523 1171 3
549 1115 584 1160 si
608 1115 656 1159 in
676 1114 870 1178 proprio
889 1113 1122 1158 territorio
1139 1151 1149 1171 ,
1171 1128 1276 1158 cum
1301 1113 1461 1159 omnia
1478 1130 1580 1176 quae

175 1194 220 1238 in
247 1195 366 1255 agris
390 1202 519 1239 erant
536 1230 546 1250 ,
571 1192 752 1238 deserta
774 1201 817 1237 et
835 1191 1048 1253 squalida
1062 1191 1294 1253 jacerent,
1324 1191 1464 1235 etiam
1483 1190 1582 1235 nul-

175 1273 272 1317 lum
300 1272 584 1334 praediorum
601 1269 807 1314 dominis
830 1268 1090 1314 asserebant
1115 1267 1332 1312 solatium
1363 1267 1435 1311 vel
1458 1266 1578 1311 sruc-

175 1358 292 1393 tum.
329 1351 512 1408 ltaque,
542 1346 629 1401 nisi
660 1362 712 1391 ex
741 1355 895 1390 vetere
932 1344 1161 1389 industria
1197 1359 1251 1388 ac
1288 1344 1579 1406 parcimonia

174 1425 349 1485 aliquid
375 1423 462 1468 sibi
489 1431 778 1468 reservarant
811 1420 967 1483 (quod
987 1421 1232 1483 pauciores
1257 1436 1456 1465 numero
1484 1430 1578 1465 tam

173 1501 231 1547 de
252 1500 458 1560 civibus,
494 1516 637 1562 quam
668 1498 726 1544 de
756 1498 1075 1544 ecclesiasticis
1110 1495 1270 1543 fecisse
1305 1496 1545 1557 ferebant)
1564 1534 1574 1553 ‚

173 1595 464 1641 consequens
490 1587 587 1623 erat
604 1614 616 1635 ,
640 1592 749 1622 cum
767 1591 962 1638 quaeque
994 1575 1178 1621 venalia
1204 1575 1263 1621 ad
1291 1575 1488 1639 duplum
1505 1575 1576 1620 vel

174 1655 362 1717 triplum
390 1654 557 1700 assueti
595 1661 788 1716 perante
818 1651 953 1716 pretii
989 1652 1322 1710 excrevissent,
1365 1667 1451 1695 nec
1479 1667 1574 1696 non

174 1732 260 1777 nisi
283 1748 391 1777 cum
411 1731 623 1776 maximis
647 1728 1002 1775 difficultatibus
1021 1737 1067 1773 et
1083 1726 1325 1774 laboribus
1342 1728 1499 1774 invehi
1521 1745 1575 1773 ex

174 1824 271 1854 uno
304 1808 405 1853 solo
437 1807 610 1869 angulo
644 1815 835 1870 possent
868 1806 932 1855 (et
965 1805 1058 1852 hoc
1093 1822 1201 1850 cum
1229 1806 1444 1869 praesidio
1475 1806 1578 1869 plu-

173 1884 300 1929 rimae
323 1892 610 1929 armatorum
627 1881 980 1944 multitudinis),
1010 1881 1157 1944 quod,
1183 1881 1261 1944 qui
1288 1881 1410 1927 bene
1433 1899 1576 1945 pecu-

173 1961 252 2006 lati
281 1977 379 2006 non
403 1969 559 2018 erant,
589 1959 714 2021 gravi
738 1968 938 2020 egestate
976 1968 1020 2004 et
1058 1959 1255 2021 penuria
1286 1958 1572 2004 laborarent.

174 2035 412 2082 Artificum
434 2052 544 2082 vero
570 2052 737 2082 manus
762 2035 1190 2096 numerositasque‚
1219 2051 1322 2097 quae
1345 2036 1577 2081 anteriore

174 2114 340 2175 quietis
369 2129 422 2159 ac
452 2114 579 2176 pacis
600 2122 810 2176 tempore
835 2111 893 2157 de
917 2113 1009 2157 suis
1029 2111 1234 2157 artificiis
1265 2122 1403 2174 atque
1424 2113 1576 2176 operis

173 2189 424 2235 honestum
459 2190 567 2235 satis
606 2199 649 2234 et
690 2189 937 2252 copiosum
974 2187 1060 2233 sibi
1098 2189 1273 2234 victum
1304 2190 1575 2252 suppedita-

175 2267 312 2326 bant,
347 2267 457 2330 quia
480 2267 747 2312 necessariae
778 2266 842 2311 eis
863 2265 1055 2311 deerant
1078 2282 1265 2311 suarum
1287 2267 1457 2312 artium
1481 2282 1577 2311 ma-

176 2344 323 2402 teriae,
369 2360 507 2406 quas,
554 2344 636 2388 etsi
679 2343 834 2388 forsan
872 2342 1028 2388 adhuc
1066 2343 1272 2388 residuas
1315 2343 1542 2389 haberent
1560 2380 1571 2402 ⁷

229 2488 266 2521 1.
297 2486 473 2523 L'auteur
492 2500 530 2523 sc
551 2487 730 2537 comptait
749 2500 834 2523 sans
855 2486 967 2522 doute
988 2485 1108 2536 parmi
1127 2498 1188 2523 ces
1209 2499 1428 2536 personne&

229 2547 266 2581 2.
294 2547 424 2584 Matth.
446 2549 553 2584 iram.

233 2608 268 2641 3.
300 2608 349 2644 Ce
367 2609 430 2657 qui
451 2609 520 2645 suit
543 2610 661 2645 forme
678 2622 729 2645 un
749 2617 855 2645 autre
874 2609 1041 2658 chapitre
1062 2609 1154 2645 dans
1174 2608 1384 2644 Matthaeus.

234 2672 269 2706 4.
302 2673 423 2716 Lecon
447 2672 677 2721 impossible.
706 2672 889 2709 Serait-cc
909 2675 1153 2720 apothetica?
