1875 2956
224 253 297 289 ⁶284
802 251 1045 288 APOLOGIA
1060 281 1070 297 ,

287 343 418 404 Atqui
439 341 596 404 quales
612 356 698 404 pro
722 339 859 384 nobis
876 339 936 384 ad
958 340 1230 401 hujusmodi
1247 342 1441 401 gratiam
1460 359 1623 388 couse-

221 418 458 480 quendam
496 418 619 463 idem
658 416 806 462 Balzae
843 426 1040 462 conatus
1073 416 1387 478 impenderet,
1417 420 1532 465 scire
1566 420 1624 466 ad

221 504 401 539 certum
423 494 616 538 minime
638 502 924 556 poteramus.
956 491 1275 537 Referentibus
1294 502 1449 539 tamen
1470 496 1625 542 inultis

221 572 531 617 intelleximus
561 571 691 633 quod
719 570 824 616 ficte
851 581 896 616 et
920 571 1135 616 simulate
1168 571 1328 616 omnia
1360 572 1544 633 agebat,
1581 586 1623 620 et

219 649 364 708 magis
390 647 644 710 proditoris
666 663 809 709 quam
835 646 982 692 fidelis
1005 647 1276 692 mediatoris
1310 664 1481 693 munus
1505 666 1627 710 gere-

218 723 313 769 bat.
357 724 500 779 Quod
535 725 643 770 licet
677 724 910 770 affirmare
943 734 1168 786 tanquam
1210 741 1308 770 rem
1337 737 1625 788 compertam

222 818 315 845 non
339 801 620 859 audeamus,
652 819 707 847 ex
733 802 946 865 pluribus
972 812 1126 847 tamen
1167 801 1493 865 probabilibus
1516 820 1627 848 con-

216 877 405 938 jecturis
430 877 545 922 illud
568 879 801 940 conjicere
833 880 1096 942 potuimus;
1125 895 1236 924 nam
1260 879 1403 941 ipsius
1428 895 1513 942 pro
1541 896 1626 925 110-

221 953 293 999 bis
313 955 707 1001 interventionem
729 957 843 1002 nihil
865 973 1056 1019 prorsus
1076 957 1228 1017 gratia)
1249 956 1505 1002 obtinuisse
1525 974 1628 1020 per-

221 1032 430 1094 cepimus
447 1069 458 1091 ,
488 1049 575 1077 nec
603 1034 779 1093 regiam
807 1034 854 1077 in
887 1050 973 1078 nos
1002 1034 1232 1079 ullatenus
1259 1034 1627 1096 indignationem

221 1109 443 1172 placasse.
481 1111 606 1155 Fecit
643 1111 770 1156 enim
806 1121 900 1156 tam
927 1112 1023 1175 ipse
1059 1129 1201 1174 quam
1241 1112 1463 1158 dominus
1495 1113 1554 1158 de
1583 1113 1628 1158 la

222 1191 386 1233 Fores!
404 1191 431 1245 ¹,
458 1189 538 1250 qui
564 1190 723 1251 magni
751 1190 890 1236 etiam
928 1190 1020 1235 loci
1055 1200 1153 1235 tum
1176 1190 1305 1254 apud
1328 1207 1485 1252 regem
1512 1201 1624 1247 erat,

223 1265 313 1309 tale
347 1282 623 1328 responsum
653 1285 661 1311 :
703 1266 833 1328 quod
870 1267 1088 1313 voluntas
1119 1267 1237 1329 regis
1269 1278 1367 1313 erat
1401 1277 1448 1312 ut
1477 1268 1631 1330 Perpi-

225 1342 420 1388 nianum
453 1344 781 1401 transiremus,
816 1354 954 1406 atque
988 1345 1034 1389 in
1069 1345 1146 1390 illa
1184 1355 1324 1404 terra⁷
1364 1363 1465 1407 quae
1504 1355 1631 1391 extra

226 1434 390 1463 omnes
416 1420 544 1480 regni
564 1420 734 1466 limites
753 1421 985 1477 consistit,
1013 1420 1101 1466 sibi
1133 1422 1427 1467 serviremus.
1458 1424 1525 1465 l')e
1551 1439 1632 1484 po-

227 1495 393 1539 tiundo
429 1506 584 1541 autem
631 1497 968 1543 abolitionibus
1012 1499 1097 1543 illis
1140 1514 1222 1560 per
1262 1515 1418 1558 regem
1465 1498 1627 1555 editis,

226 1572 534 1619 consulebant
552 1584 603 1619 ut
625 1575 802 1619 nullam
826 1576 1011 1636 penitus
1038 1575 1295 1619 faceremus=
1318 1576 1626 1621 mentionem.

228 1651 421 1695 Necesse
457 1650 592 1695 nobis
619 1651 714 1695 fore
739 1652 874 1713 regia»
910 1650 1235 1713 obtemperare
1269 1651 1518 1696 xoluntali:
1555 1654 1628 1697 cui

226 1726 262 1770 si
278 1742 441 1789 parere
459 1728 531 1773 vel
558 1728 604 1772 in
628 1728 826 1772 minimo
848 1727 1227 1783 detrectaremus,
1255 1745 1332 1773 seu
1359 1729 1550 1773 ulterius
1574 1730 1630 1774 de

227 1803 456 1866 praedictis
475 1803 813 1850 abolitionibus
832 1820 881 1848 vc
892 1804 1029 1849 rbum
1060 1805 1316 1849 laceremus
1330 1841 1341 1861 ,
1373 1806 1632 1851 verendum

228 1896 286 1925 ne
311 1880 359 1925 id
382 1880 519 1925 nobis
539 1880 882 1926 irremediabile
911 1882 1183 1944 importaret
1206 1882 1414 1926 exitium.

292 1959 392 2001 Hoc
428 1957 511 2002 fuit
540 1956 696 2019 quod,
730 1957 919 2020 pra’fato
956 1957 1104 2002 Balzce
1132 1958 1281 2003 accito
1315 1975 1397 2021 per
1427 1975 1512 2003 1105
1537 1976 1633 2004 me-

229 2033 406 2079 diatore
422 2070 433 2092 ‚
454 2050 481 2080 a
500 2036 619 2096 regis
638 2035 885 2081 clementia
910 2045 1010 2080 tum
1030 2036 1269 2081 consecuti
1288 2035 1458 2080 suimus
1483 2045 1527 2081 et
1550 2053 1634 2098 per

228 2127 337 2156 eum
360 2128 636 2174 responsum
665 2113 960 2175 accepimus,
1001 2112 1180 2173 rejectis
1203 2129 1394 2175 prorsus
1417 2122 1461 2156 et
1485 2112 1634 2157 exsuf-

229 2186 348 2232 flatis
383 2186 471 2231 illis
502 2188 796 2248 generalibus
833 2188 1070 2233 amnestiis
1104 2199 1200 2233 tam
1241 2188 1510 2232 solemniter
1545 2188 1631 2233 sub

228 2264 363 2308 titulo
398 2273 443 2308 et
473 2264 520 2308 in
552 2265 646 2309 vim
687 2282 740 2310 ac
776 2265 923 2309 robur
958 2265 1120 2327 regalis
1156 2264 1292 2309 edicti
1330 2281 1411 2326 per
1436 2281 1632 2325 regnum

229 2339 425 2385 ubilibet
454 2340 716 2403 publicatis.
748 2344 815 2385 De
841 2340 1011 2402 quibus
1045 2342 1079 2386 si
1112 2340 1241 2402 quod
1272 2341 1496 2386 veraciter
1527 2359 1632 2387 sen-

231 2419 386 2474 timus,
403 2417 578 2463 anobis
599 2419 702 2479 quis
723 2418 1007 2480 poposcerit,
1036 2434 1131 2461 non
1151 2416 1277 2462 aliud
1293 2419 1333 2462 ei
1349 2418 1634 2481 respondere.

231 2511 497 2558 possumus,
514 2495 600 2539 nisi
626 2494 755 2556 quod
779 2494 916 2538 nobis
932 2510 1027 2538 11011
1044 2493 1100 2539 ad
1119 2495 1259 2539 alium
1288 2494 1429 2541 finem
1450 2497 1633 2559 excogi-

282 2678 319 2712 1.
351 2674 464 2711 Louis
485 2673 532 2711 de
553 2676 759 2711 Beaumont
789 2688 835 2710 eu
865 2674 997 2710 Poitou
1012 2704 1020 2720 ‚
1052 2674 1227 2724 seigneur
1250 2674 1296 2710 (16
1318 2677 1369 2711 La
1388 2676 1520 2721 Forct,
1542 2688 1634 2711 con-

230 2737 355 2773 seiller
371 2745 407 2774 et
426 2736 662 2773 chambellan
685 2736 734 2773 ‹lu
757 2736 827 2776 roi,
850 2736 949 2773 alors
969 2749 1214 2784 μοιμοι-116111*
1235 2737 1282 2772 (16
1303 2737 1334 2772 lu
1358 2737 1548 2773 Rocbelle.
