1875 2956
756 199 899 233 LIBER
928 198 1122 235 PRIMUS.
1560 205 1631 239 317

705 384 1036 429 CAPITULUM
1071 388 1166 430 XX.

237 513 287 545 De
304 514 368 546 alia
388 515 584 559 gravissima
603 516 784 560 calumnia,
802 525 834 550 et
846 517 1097 550 interventione
1115 517 1212 550 ducis
1226 518 1418 561 Aquitaniae
1434 530 1499 564 pro
1516 519 1630 553 nobis.

299 640 388 694 Qui
421 640 560 684 etiam
589 639 687 684 ausi
721 647 826 682 sunt
862 637 1001 682 taleni
1031 638 1077 681 in
1120 653 1205 682 nos
1236 638 1521 684 concinnare
1557 656 1631 686 ca-

233 713 476 774 lumniam,
497 732 603 760 cum
624 731 708 777 per
727 730 881 774 regem
901 713 1179 776 apprehensi
1199 723 1243 758 et
1261 714 1309 758 in
1327 714 1629 761 deterrimum

232 807 462 837 carcerem
483 791 656 836 detrusi
678 791 887 835 suissent¹
911 807 1020 836 suus
1039 790 1286 836 cardinalis
1302 792 1467 851 Βαίας),
1488 809 1629 855 quem

230 870 370 931 paulo
412 879 518 915 ante
552 884 775 929 magnum
810 877 855 912 et
885 868 1170 930 praecipuum
1208 869 1411 913 amicum
1443 869 1628 931 publice

228 946 460 1007 appellare
496 944 694 1001 solebat,
737 944 926 1006 ejusque
961 944 1140 989 satelles
1171 945 1417 1007 episcopus
1461 946 1626 991 Virdu-

228 1023 419 1080 11ensis‘2,
443 1021 571 1083 quod
590 1036 893 1081 quaecumque
911 1020 1189 1082 proditionis
1202 1037 1282 1066 seu
1303 1021 1529 1080 veneficii,
1557 1024 1626 1068 vel

226 1098 323 1143 doli
347 1098 455 1143 mali
470 1107 608 1160 atque
631 1096 821 1142 nefandi
840 1097 888 1140 in
910 1113 1063 1157 regem
1087 1097 1160 1142 vel
1182 1097 1435 1143 machinati
1455 1109 1621 1159 essent,

223 1175 295 1219 vel
325 1192 372 1220 se
402 1176 708 1220 intentaturos
744 1174 1074 1234 excogitassem
1110 1175 1216 1236 (pro
1249 1191 1451 1236 quorum
1480 1177 1624 1238 suspi-

223 1252 358 1296 cione
376 1253 625 1297 criminum
645 1253 766 1314 capti
780 1262 824 1296 et
842 1251 1119 1314 deprehensi
1138 1252 1441 1314 serebantur),
1464 1254 1623 1300 omnia

221 1326 358 1373 nobis
402 1327 696 1386 auctoribus,
744 1327 1068 1372 inventoribus
1114 1337 1251 1389 atque
1304 1328 1622 1373 incentoribus

222 1405 518 1465 peregissent.
547 1404 693 1465 quue
719 1404 995 1464 gravissimae
1019 1413 1063 1448 et
1086 1403 1425 1448 nefandissimae
1450 1405 1623 1450 calum-

220 1479 304 1523 niae
329 1490 651 1524 commentum
683 1480 745 1524 ita
771 1479 901 1541 impii
931 1479 1148 1523 homines
1180 1480 1316 1540 regiis
1339 1480 1530 1526 auribus
1554 1482 1621 1527 in-

217 1555 482 1613 culcarunt,
516 1566 567 1600 ut
591 1556 650 1601 ad
678 1555 819 1599 fidem
843 1555 907 1599 eis
935 1554 1204 1600 habendam
1231 1555 1460 1602 adductus
1485 1557 1621 1604 fuisse

217 1647 295 1676 rex
318 1632 572 1694 aliquando
593 1632 822 1677 videatur.
852 1635 967 1676 Nam
993 1648 1103 1676 cum
1128 1632 1334 1678 secunda
1359 1634 1456 1679 vice
1480 1635 1527 1679 in
1552 1635 1618 1681 fa-

216 1723 378 1752 vorem
413 1709 559 1753 nostri
604 1709 936 1753 illustrissimus
977 1708 1364 1769 Burgundionum
1402 1709 1496 1755 dux
1537 1728 1620 1774 per

216 1801 353 1829 suum
378 1786 694 1841 secretarium,
721 1802 806 1847 pro
828 1784 964 1829 nohis
987 1785 1285 1830 clementiam
1304 1786 1400 1847 ejus
1421 1803 1618 1833 exorans

215 1871 352 1924 atque
375 1863 655 1925 imprecans,
681 1862 948 1924 scripsisset,
973 1862 1173 1906 irritatus
1196 1862 1325 1923 quod
1346 1863 1489 1909 altera
1512 1875 1617 1927 post

213 1939 420 2000 priorem
439 1939 539 1983 vice
562 1954 722 2001 preces
745 1953 831 2000 pro
856 1937 992 1982 nobis
1012 1937 1196 1994 faceret,
1221 1938 1338 1982 dixit
1360 1948 1405 1983 et
1427 1939 1614 2002 publice

212 2014 260 2058 in
296 2014 392 2060 haee
427 2014 569 2060 verba
594 2014 809 2077 prorupit
840 2033 861 2056 «
891 2013 1019 2075 quod
1052 2030 1296 2075 nunquam
1327 2014 1465 2060 nobis
1495 2016 1542 2061 in
1566 2034 1613 2063 se

211 2091 412 2138 admissa
446 2092 703 2152 indulgeret
739 2107 818 2136 seu
857 2091 1173 2150 condonaret,
1208 2108 1264 2136 eo
1290 2091 1418 2153 quod
1442 2092 1490 2137 in
1514 2093 1612 2155 ejus

212 2185 373 2214 necem
420 2169 671 2214 machinati
710 2168 974 2227 fuissemus,
1006 2189 1027 2209 »
1069 2169 1472 2230 quemadmodum
1512 2170 1610 2233 ipse

210 2245 502 2303 secretarius,
541 2261 628 2308 pro
670 2243 807 2289 nobis
844 2244 1036 2302 missus,
1074 2244 1264 2306 praefato
1300 2245 1607 2292 illustrissimo

211 2321 317 2367 duci
340 2322 508 2380 retulit,
536 2331 674 2382 atque
700 2321 838 2366 etiam
862 2320 1015 2378 nobis,
1040 2337 1087 2366 se
1112 2320 1171 2366 ab
1197 2338 1253 2367 eo
1278 2322 1492 2369 audiisse.

273 2402 384 2455 Quae
407 2399 616 2463 profecto
648 2399 906 2456 calumnia,
943 2398 1157 2444 omnium
1193 2400 1477 2460 gravissima,
1508 2418 1604 2446 non

262 2536 298 2570 1.
329 2535 403 2572 Mai
424 2537 540 2573 1469.

260 2598 297 2633 2.
329 2595 516 2646 L'eveque
534 2596 580 2632 de
593 2595 760 2641 Verdun,
780 2596 993 2633 Guillaume
1012 2596 1058 2633 de
1079 2600 1332 2635 Haraucourt.
1350 2600 1473 2647 Voyez
1488 2599 1601 2636 l'His-

208 2659 300 2695 toire
320 2658 369 2695 du
392 2659 506 2708 regne
527 2658 574 2696 de
592 2658 705 2695 Louis
723 2660 795 2703 XI,
816 2665 843 2695 t.
865 2660 916 2702 II,
939 2671 977 2707 p.
997 2660 1088 2697 211.
