1875 2956
289 237 362 272 1222
645 234 980 270 HISTORIARUM
1009 234 1244 270 LUDOVICI
1272 236 1327 270 XI

352 326 407 368 Et
430 332 657 385 quantum
681 321 873 383 quidem
897 321 956 367 ad
987 321 1155 367 ducem
1177 322 1618 369 attinet'Clivensem
1641 332 1686 369 et

284 399 620 461 Trajectenses,
660 413 737 443 rex
770 397 977 443 accusari
1008 397 1066 443 de
1093 396 1185 442 fide
1218 397 1283 442 eis
1317 413 1412 443 non
1442 398 1684 446 observata

284 477 478 521 minime
504 474 707 520 debebat
725 509 736 531 ,
764 491 872 519 curn
902 491 1000 519 non
1025 484 1258 520 constaret
1292 490 1373 519 eos
1402 475 1549 522 ullum
1577 494 1683 523 cum

283 552 451 598 eodem
476 551 624 597 foedus
644 552 938 614 percussisse.
969 550 1060 596 Sed
1084 551 1212 596 aliud
1245 550 1446 597 fortassis
1472 554 1685 600 aestimari

283 628 508 691 potuisset
529 627 588 673 de
608 628 689 673 illo
716 627 940 689 sacrilego
962 627 1193 691 parricida
1219 627 1276 672 de
1298 626 1579 686 Arenberclz,
1605 631 1684 692 qui

282 721 337 750 ex
357 705 485 766 jussu
509 714 555 750 et
582 704 880 751 ordinatione
910 705 1051 766 regis,
1087 705 1147 751 ad
1180 705 1264 750 iter
1286 703 1373 750 sibi
1399 705 1611 767 pervium
1637 707 1683 752 in

282 780 606 838 Brabantiam,
629 798 712 844 per
738 781 1067 827 Leodiensiuni
1094 791 1260 838 terras,
1287 791 1425 843 atque
1449 797 1534 827 suo
1559 798 1686 829 exer-

281 858 391 902 citui
417 858 752 921 aperiendum,
782 859 1079 904 transmissus
1102 858 1238 904 fuisse
1266 857 1423 919 (quod
1440 858 1548 903 satis
1576 861 1687 906 veri-

280 936 430 981 simile
465 952 562 982 esse
599 936 813 998 videtur)
849 935 1109 993 ferebatur,
1157 936 1237 982 sed
1272 936 1319 980 id
1354 935 1544 997 quidem
1581 947 1686 984 ante

280 1014 407 1075 pacis
441 1013 617 1060 foedera
651 1014 894 1077 paululum
929 1024 1034 1077 post
1072 1031 1180 1060 cum
1217 1013 1336 1059 duce
1371 1013 1558 1059 Austriae
1585 1030 1688 1076 per-

279 1105 428 1136 cussa.
463 1093 548 1135 Per
569 1107 672 1152 qua·
691 1093 701 1113 ¹
725 1091 833 1136 satis
860 1100 1106 1153 appareret
1128 1107 1183 1135 ex
1218 1090 1318 1146 his,
1348 1106 1450 1152 quat
1475 1090 1686 1153 proxime

279 1166 542 1224 retulimus,
570 1167 790 1213 eumdem
811 1166 1080 1212 Arenberclc
1099 1183 1126 1212 a
1143 1167 1305 1230 coeptis
1330 1183 1411 1229 per
1427 1182 1537 1212 eum
1562 1166 1663 1228 (etsi
1676 1169 1688 1190 ²

274 1243 402 1305 jussu
429 1244 556 1306 regio
581 1254 743 1290 exorta
766 1243 983 1301 fuissent,
1008 1243 1411 1305 quemadmodum
1432 1243 1585 1288 verius
1606 1260 1687 1307 pu-

278 1320 479 1379 tabatur,
515 1321 658 1384 idque
683 1338 839 1383 regem
872 1323 1027 1384 ipsum
1057 1320 1244 1384 publice
1281 1321 1420 1366 etiam
1444 1321 1686 1382 agnovisse

278 1398 586 1455 asserebatur,
608 1399 737 1460 quod
761 1409 910 1444 totum
937 1398 1063 1459 jussu
1081 1400 1094 1421 ²³
1111 1415 1196 1443 suo
1217 1398 1389 1443 factum
1411 1407 1529 1443 esset
1549 1397 1687 1460 quid-

278 1474 393 1537 quid
409 1475 535 1520 idem
557 1474 824 1520 Arenberelz
846 1475 1161 1538 patravisset),
1183 1491 1236 1520 ex
1266 1485 1376 1520 tunc
1400 1491 1554 1535 regem
1575 1491 1684 1520 eum

278 1551 495 1597 desistere
516 1552 731 1597 voluisse.

343 1629 476 1691 Atqui
506 1629 611 1674 licet
639 1645 736 1674 non
776 1629 973 1674 nesciret
1009 1646 1056 1673 se
1097 1628 1174 1674 tali
1208 1627 1380 1673 foedere
1413 1644 1496 1691 per
1530 1645 1683 1690 regem

227 1737 232 1750 x
279 1704 417 1749 fuisse
460 1705 736 1751 derelictum
784 1706 1141 1768 expositumque
1185 1705 1292 1750 duci
1342 1705 1555 1760 Austria‘,
1608 1706 1683 1750 cui

277 1782 416 1827 etiam
445 1782 503 1828 ad
540 1799 649 1828 eum
685 1782 1020 1845 proterendum
1062 1798 1116 1828 ac
1157 1781 1505 1845 profligandum
1544 1799 1682 1846 opem

276 1859 478 1904 laturum
498 1860 732 1923 pollicitus
752 1869 876 1917 erat,
902 1876 999 1904 non
1026 1869 1181 1905 tamen
1199 1859 1357 1905 adhuc
1375 1857 1548 1904 destitit
1569 1861 1683 1921 quin

276 1936 509 1982 civitatem
536 1948 581 1983 et
608 1937 837 2001 oppidum
863 1940 1079 1999 Hoyense
1098 1939 1110 1960 a
1131 1954 1240 1982 cum
1268 1937 1507 1983 nonnullis
1524 1938 1685 1983 castel-

276 2014 330 2059 lis
350 2015 608 2060 retinuerit.
645 2017 766 2061 Sane
799 2031 905 2060 cum
939 2014 1274 2060 Brabantiones
1304 2014 1364 2060 ad
1386 2030 1494 2060 eum
1529 2014 1599 2060 vel
1634 2015 1680 2059 in

276 2093 435 2153 Hoyo,
474 2091 555 2136 uhi
584 2091 821 2150 adstabat,
855 2091 1222 2154 expugnandum
1261 2091 1331 2136 vel
1366 2089 1679 2136 obsidendum

275 2168 398 2214 circa
411 2168 507 2213 duo
522 2169 734 2215 milliaria
754 2185 901 2232 prope
917 2169 1094 2214 dictum
1114 2167 1342 2231 oppidum
1363 2167 1676 2226 accessissent,

275 2243 372 2306 ipse
391 2244 639 2305 sacrilegus
664 2244 710 2288 id
736 2244 985 2307 pervidens
1003 2280 1014 2301 ,
1041 2243 1117 2289 die
1142 2243 1324 2289 decima
1350 2253 1476 2289 sexta
1510 2245 1680 2289 mensis

275 2321 427 2366 martii
453 2337 580 2366 anno
605 2321 797 2366 Domini
824 2337 1150 2366 mccccnxxxm
1167 2356 1177 2376 ‚
1219 2336 1326 2365 cum
1363 2321 1416 2364 iis
1444 2336 1559 2381 quas
1588 2321 1680 2365 col·

277 2398 415 2459 ligere
440 2408 654 2461 potuerat
683 2398 829 2460 copiis
846 2434 857 2456 ,
888 2408 980 2443 tani
1010 2397 1308 2442 rutherorum
1332 2412 1475 2458 quarn
1500 2397 1675 2443 incolau

332 2546 363 2577 1.
398 2542 592 2577 Ροιιῐ-ὁιι·ε
613 2554 738 2590 quam.

327 2607 363 2640 ι).
397 2602 592 2639 Matthaens
612 2612 646 2638 et
665 2606 757 2640 siue.

328 2668 363 2701 3.
397 2664 591 2700 Matthaeus
612 2668 764 2710 injussu.

329 2730 364 2763 la..
398 2730 466 2762 Ms.
493 2729 668 2774 Hoyeum.
