1875 2956
775 238 915 272 LIBER
958 239 1152 275 PRIMUS.
1582 243 1655 278 343

663 420 951 463 CAPITULU
961 420 1002 462 M
1050 421 1232 464 xxvtl.

258 554 357 586 Plura
382 555 574 587 testimonia
593 554 792 588 divinarum
808 553 1057 598 scripturarum
1078 562 1110 587 et
1130 554 1385 588 catholicorum
1407 554 1592 589 doctorum
1614 556 1656 589 ad

304 610 604 644 confirmationem
622 622 755 650 eorum,
775 621 851 653 quae
871 608 962 641 dicta
977 617 1069 651 sunt,
1086 610 1182 653 quod
1200 610 1330 643 licitum
1347 610 1388 643 sit
1405 623 1439 644 se
1457 612 1659 646 subtrahere

304 667 436 699 soevitiae
454 666 730 712 persequentium
745 692 754 709 ‚
772 665 874 698 etiam
891 665 1112 698 ecclesiarum
1128 667 1333 700 rectoribus.

320 785 603 845 Quanquam
636 797 747 826 vero
779 789 824 826 et
845 781 1095 827 Salvatoris
1114 792 1347 846 praecepto
1378 793 1424 829 et
1448 784 1656 846 ejusdem

255 860 553 922 pluriumque
585 867 855 903 sanctorum
887 857 1167 921 pontificum
1213 860 1434 923 exemplis
1474 871 1657 908 sancto-

255 952 452 998 rumque
479 934 613 980 dictis
635 934 743 980 satis
767 944 1004 981 ostensum
1025 936 1080 981 sit
1097 936 1276 981 licitum
1299 947 1343 982 et
1363 939 1655 1001 irreprehen-

253 1011 383 1057 sibile
401 1012 498 1056 fore
517 1020 870 1074 persecutorum
893 1013 1112 1057 saevitiam
1128 1013 1349 1075 fugiendo
1373 1014 1656 1077 latendoque

253 1087 487 1133 declinare
503 1124 515 1147 ,
552 1097 597 1133 et
620 1087 864 1134 ecclesiam
898 1104 979 1133 seu
1004 1088 1191 1151 plebem
1217 1106 1349 1136 suam
1380 1092 1555 1154 pastori
1579 1092 1657 1138 de-

252 1181 425 1222 serere,
452 1164 535 1209 ubi
568 1165 666 1210 sola
694 1164 791 1226 ejus
823 1181 1024 1228 persona
1047 1167 1370 1229 persequenda
1404 1169 1651 1231 expetitur,

253 1255 350 1284 non
383 1239 498 1284 fides
529 1238 844 1285 subvertenda
879 1239 927 1284 in
960 1238 1201 1301 plebibus,
1240 1250 1284 1285 et
1315 1240 1398 1286 ubi
1432 1258 1516 1304 per
1541 1242 1656 1288 alios

251 1315 448 1362 idoneos
474 1317 710 1361 ministros
732 1316 912 1379 possint
946 1316 1152 1361 absentis
1175 1318 1374 1379 pastoris
1400 1318 1524 1364 vices
1546 1335 1655 1381 sup-

250 1392 388 1454 pleri3
405 1394 605 1455 satisque
622 1393 801 1438 cunctis
824 1393 1134 1456 conspicuum
1149 1394 1485 1456 notoriumque
1498 1394 1649 1454 fuerit,

250 1471 331 1531 qui
354 1472 501 1516 nostri
526 1472 740 1516 notitiam
760 1470 1011 1532 aliqualem
1030 1470 1204 1516 habere
1228 1480 1511 1533 potuerunt,
1546 1489 1649 1532 nos,

251 1548 314 1591 uti
359 1563 478 1610 saepe
515 1547 738 1603 diximus,
775 1547 1004 1591 violenter
1040 1556 1086 1592 et
1112 1547 1157 1591 vi
1191 1547 1404 1609 praecisa,
1453 1549 1528 1593 cui
1562 1549 1652 1594 hu-

251 1624 400 1668 manis
432 1623 608 1668 viribus
633 1623 779 1668 resisti
803 1639 830 1668 a
853 1621 992 1668 nobis
1020 1639 1116 1668 non
1142 1633 1348 1686 poterat,
1375 1641 1473 1670 non
1505 1625 1651 1670 modo

249 1700 442 1745 ecclesia
462 1709 620 1745 nostra
643 1708 721 1744 aut
741 1699 1007 1761 provincia«,
1032 1699 1114 1744 sed
1138 1709 1238 1745 toto
1264 1716 1409 1760 regno
1434 1700 1653 1762 depulsos

250 1786 388 1838 atque
417 1777 462 1820 in
498 1777 709 1820 exsilium
745 1785 897 1832 actos,
938 1791 1024 1820 nec
1055 1777 1260 1838 potuisse
1295 1776 1400 1821 ullis
1433 1776 1652 1839 precibus

250 1863 329 1898 aut
357 1851 778 1898 interventionibus
800 1852 1035 1913 majorum
1052 1853 1320 1916 principum
1341 1855 1472 1915 regni
1503 1855 1649 1918 impe-

250 1938 370 1974 trare
406 1929 535 1991 quod
572 1930 618 1974 in
649 1929 843 1974 ecclesia
874 1938 1032 1975 nostra
1070 1945 1150 1973 seu
1179 1930 1421 1992 provincia
1449 1931 1651 1977 residere

249 2015 387 2066 atque
414 2007 460 2050 in
486 2022 539 2051 ea
562 2006 791 2052 deservire
822 2006 980 2051 liceret
1008 2006 1157 2068 (quod
1185 2007 1347 2069 utique
1374 2008 1480 2053 satis
1502 2007 1649 2054 abun-

249 2082 400 2144 deque
421 2083 467 2128 in
498 2084 644 2128 nostri
664 2083 1005 2129 excusationem
1033 2093 1172 2145 atque
1194 2085 1459 2147 apologiam
1483 2086 1650 2131 merito

249 2157 451 2203 debebat
483 2158 713 2219 sufficere)
740 2177 749 2202 ;
777 2168 960 2217 tamen,
992 2160 1103 2221 quia
1130 2160 1379 2222 plerosque
1408 2161 1522 2207 tales
1553 2178 1649 2207 esse

250 2236 488 2293 novimus,
520 2235 714 2298 quibus,
748 2252 830 2281 seu
861 2235 1119 2297 derogandi
1145 2236 1364 2282 aviditate
1388 2253 1469 2282 seu
1497 2238 1648 2301 pervi-

249 2313 376 2358 cacia
424 2313 568 2358 nimia
610 2312 836 2371 detentis,
884 2313 961 2357 vix
1007 2313 1162 2375 aliqua
1205 2314 1457 2360 auctoritas
1474 2349 1485 2371 ,
1530 2315 1648 2360 ratio

250 2404 330 2433 seu
358 2390 572 2452 exempla
609 2399 774 2434 contra
805 2389 937 2434 illum
972 2405 1114 2450 quem
1149 2391 1290 2436 semel
1325 2406 1533 2436 errorem
1566 2391 1649 2436 im·

249 2464 475 2526 biberint,
502 2468 684 2513 valeant
712 2466 925 2512 sufficere
943 2503 954 2525 ,
989 2467 1196 2530 plurium
1220 2468 1460 2513 sententiis
1482 2477 1528 2512 et
1547 2483 1650 2513 auc-

250 2541 512 2587 toritatibus
552 2552 821 2588 sanctorum
865 2542 1141 2601 doctorum,
1187 2559 1243 2589 ea
1277 2559 1378 2605 quae
1421 2542 1646 2602 diximus,

250 2620 486 2666 adstruere
521 2621 818 2679 conabimur,
851 2623 1149 2670 ostendentes
1179 2639 1337 2669 servos
1371 2623 1456 2668 Dei
1481 2632 1526 2668 et
1558 2624 1651 2686 ple-

248 2696 379 2742 bium
414 2708 621 2760 pastores
640 2734 651 2755 ,
688 2715 784 2745 non
818 2700 971 2745 solum
1003 2699 1224 2745 violentia
1250 2700 1439 2762 praecisa
1462 2699 1646 2762 pulsos,
