1875 2956
282 243 329 276 62
642 240 978 276 HISTORIARUM
1004 240 1235 276 LUDOVICI
1264 242 1319 276 XI

281 329 421 388 sixti,
460 339 571 374 tunc
607 326 778 372 summi
818 324 1081 388 pontificis,
1123 329 1390 389 11epotem¹‚
1417 326 1498 389 qui
1535 325 1683 389 copiis

281 404 558 450 militaribus
596 406 816 448 Romanae
848 402 1051 447 ecclesiae
1073 411 1267 464 praeerat
1283 439 1295 462 ,
1322 402 1410 448 sibi
1431 402 1684 465 adjungere

281 491 327 528 et
352 481 576 527 foederare
600 489 837 525 curarunt.
876 479 996 524 Alios
1028 479 1168 524 etiam
1198 479 1244 524 in
1277 479 1491 525 eamdem
1516 478 1685 525 urbem

281 557 495 603 clanculo
519 566 564 601 et
584 556 781 600 latenter
812 556 1086 600 invexerunt
1107 574 1118 613 3
1141 572 1344 618 quorum
1368 571 1510 618 opera
1546 565 1685 618 atque

282 635 455 680 auxilio
472 671 482 691 ‚
503 631 633 695 quod
653 648 750 677 non
777 642 1092 695 conceperant
1111 635 1140 692 ²,
1163 649 1210 678 se
1230 641 1330 677 tuto
1350 641 1530 695 patrare
1552 648 1688 694 posse

282 711 633 756 arbitraremur.
674 711 799 754 Inter
833 725 955 771 quos
992 719 1117 766 erat,
1153 718 1198 755 et
1223 710 1321 772 ipse
1350 708 1409 754 de
1442 708 1613 755 familia
1645 718 1690 754 et

282 787 563 847 cognatione
587 786 645 831 de
671 786 839 844 Passis,
873 786 1252 850 archiepiscopus
1280 787 1474 832 Pisanus
1489 787 1519 845 ³,
1551 794 1688 847 atque

283 879 404 907 unus
428 863 569 908 etiam
595 863 708 908 certi
745 863 929 908 numeri
958 864 1159 908 militum
1186 861 1421 926 pontificis
1456 861 1549 907 dux
1567 898 1578 917 ‚
1616 863 1692 906 Jo-

282 938 463 985 hannes
500 940 703 1003 Baptista
721 940 750 984 ⁴.
790 942 899 985 Erat
930 949 975 984 et
1012 940 1060 984 in
1100 956 1157 985 eo
1189 950 1400 1002 ternpore
1438 938 1485 983 in
1525 936 1691 983 eadem

284 1015 400 1061 urbe
433 1016 678 1062 Florentiae
709 1033 831 1061 unus
863 1015 1142 1075 cardinalis,
1177 1016 1442 1079 apostolicae
1477 1014 1599 1061 sedis
1630 1014 1691 1060 le-

284 1103 415 1155 gatus
432 1095 460 1150 ⁵,
499 1093 826 1156 hujuscemodi
857 1093 1116 1139 factionum
1135 1131 1145 1150 ‚
1177 1102 1227 1138 ut
1262 1091 1567 1156 postmodum
1599 1091 1693 1137 cla-

284 1172 375 1216 ruit
392 1208 402 1228 ,
433 1187 625 1234 prorsus
650 1171 854 1233 ignarus.

349 1250 467 1293 Cum
488 1249 626 1309 igitur
650 1248 747 1293 dies
770 1247 1016 1293 condictus
1043 1246 1376 1305 adventasset⁶‚
1404 1262 1499 1310 quo
1527 1246 1600 1292 isti
1635 1246 1692 1292 de

285 1326 429 1370 Passis
456 1324 669 1370 nefandae
694 1324 909 1370 factionis
940 1342 1033 1370 suae
1061 1325 1408 1371 exsecutionem
1437 1323 1693 1386 adimplere

285 1412 569 1461 statuerant,
599 1402 712 1465 ipsi,
740 1401 826 1447 sul)
853 1403 1076 1448 simulatae
1099 1402 1311 1447 amicitiae
1334 1402 1487 1465 specie
1507 1439 1518 1458 ‚
1545 1401 1694 1446 dictos

285 1478 404 1524 duos
432 1495 701 1540 germanos,
738 1479 1039 1523 Laurentium
1064 1488 1108 1524 et
1131 1479 1368 1524 Julianum
1394 1478 1451 1523 de
1476 1477 1690 1534 Medicis,

285 1554 345 1600 ad
369 1556 639 1601 conxivium
662 1554 945 1613 invitarunt3
970 1555 1029 1601 ad
1053 1555 1211 1617 quod,
1240 1555 1355 1600 nihil
1378 1554 1475 1599 doli
1498 1553 1571 1598 vel
1593 1569 1694 1615 per-

285 1631 404 1678 fidiae
426 1633 736 1695 suspicantes,
763 1633 845 1678 sed
868 1649 924 1679 ex
947 1634 1152 1679 amicitia
1180 1643 1226 1679 et
1247 1624 1437 1679 caritale
1469 1648 1568 1678 rem
1595 1630 1694 1676 fieri

286 1719 504 1773 putantes
521 1745 532 1766 ‚
562 1727 610 1756 se
632 1710 849 1755 lubenter
876 1720 1100 1756 venturos
1125 1710 1501 1773 spoponderunt.
1535 1708 1696 1753 Evenit

287 1796 443 1832 autem
480 1795 592 1830 tune
631 1784 772 1830 festus
801 1795 939 1848 atque
974 1785 1169 1831 celebris
1203 1786 1325 1841 dies,
1361 1801 1456 1847 quo
1487 1783 1696 1846 hujusce-

287 1863 417 1909 modi
449 1863 722 1908 convivium
746 1862 1026 1908 credebatur
1053 1879 1151 1908 esse
1181 1861 1472 1920 faciendum,
1500 1861 1547 1906 in
1571 1877 1691 1924 quo,

287 1949 339 1985 ut
380 1955 512 1985 sacra
540 1940 787 1985 missarum
821 1940 1049 1985 solemnia
1082 1940 1129 1985 in
1160 1940 1394 2003 przecipua
1431 1948 1475 1986 et
1518 1938 1694 1999 majore

289 2015 418 2061 urbis
458 2015 651 2062 basilica
696 2017 892 2062 faceret7
923 2016 1075 2062 dictus
1113 2016 1391 2075 cardinalis,
1428 2015 1693 2078 apostolicae

289 2094 411 2140 sedis
450 2095 655 2156 legatus,
701 2094 847 2140 suerat
884 2104 1098 2157 precatus
1122 2105 1167 2140 et
1196 2104 1398 2156 rogatus.
1434 2095 1547 2148 Quae
1584 2109 1695 2138 cum

344 2227 382 2262 1.
413 2224 619 2261 Geronimo
650 2224 800 2270 Riario‚
833 2233 955 2261 comte
988 2225 1035 2261 de
1066 2224 1164 2262 Forli
1200 2233 1236 2260 et
1266 2223 1447 2270 d'ImoLa,
1487 2236 1610 2261 neven
1643 2223 1694 2261 du

290 2299 387 2338 pape
408 2286 511 2324 Sixte
530 2288 593 2322 IV.

344 2348 380 2384 2.
415 2341 677 2384 Evideniment
696 2348 719 2383 il
740 2348 817 2383 sant.
837 2347 1051 2396 supprimer
1065 2347 1101 2383 la
1114 2347 1290 2398 negation
1311 2360 1407 2397 pour
1422 2360 1496 2396 que
1509 2348 1543 2384 la
1560 2347 1695 2397 phrase

291 2409 343 2446 ait
365 2421 416 2446 un
437 2422 536 2446 sens.
558 2412 615 2446 On
638 2418 725 2459 peut
750 2409 952 2446 substituer
971 2414 1094 2445 (mimo
1115 2412 1136 2446 Ξι
1160 2424 1243 2446 mm.

347 2474 381 2507 3.
415 2472 624 2507 Franeesco
645 2471 812 2514 Salviati‚
835 2471 1076 2520 arclieveque
1098 2472 1145 2507 de
1164 2472 1261 2508 Pise.

347 2536 383 2570 4.
413 2532 662 2570 Gianbattista
681 2532 717 2568 di
740 2536 992 2570 Montesecco.

346 2598 381 2631 5.
414 2597 465 2631 Le
484 2594 648 2631 cardinal
670 2594 853 2644 Raphael‚
874 2608 996 2631 neven
1017 2595 1066 2631 du
1086 2605 1208 2632 comte
1227 2597 1445 2634 Geronimo.

347 2659 368 2692 6

321 2737 330 2744 ‘
348 2723 367 2756 7

376 2686 382 2693 .
416 2660 467 2692 Le
487 2656 707 2702 dimanehe,
730 2659 779 2693 ⁶26
801 2657 894 2693 avril
918 2659 1033 2696 1478.

306 2723 316 2732 ³
376 2748 383 2755 .
417 2721 568 2755 Fecerat
586 2719 678 2756 dans
698 2720 732 2755 le
752 2733 821 2756 ms.
