1875 2956
287 195 360 230 178
643 190 981 228 ms'sORlAltUM
1009 192 1240 228 LUlJOVICI
1268 194 1322 229 XI

284 293 425 325 causa
452 278 729 339 indulgeret.
768 280 968 339 Eratque
1000 293 1189 340 prorsus
1214 278 1379 339 linguae
1401 279 1650 324 disertione
1674 280 1682 301 ¹

283 365 330 402 et
372 355 559 401 dicendi
603 354 788 400 solertia
829 370 1003 399 vacuus
1046 363 1184 416 atque
1225 355 1432 417 ineptus,
1476 357 1682 417 linguam

284 433 465 480 habens
488 434 786 491 crassiorem,
820 449 906 478 nec
927 432 1086 478 valens
1107 432 1306 477 litteram
1331 449 1355 476 r
1383 434 1430 478 in
1458 451 1684 496 quacum-

285 528 376 575 que
406 511 635 569 dictione,
667 509 844 571 absque
871 509 1106 555 indecenti
1141 509 1249 554 satis
1272 508 1439 569 linguae
1474 511 1685 557 crassitu-

285 589 412 647 dine,
439 588 662 651 proferre.

347 667 461 710 Tam
493 681 605 710 vero
637 663 865 726 loquendi
901 663 1064 709 avidus
1098 671 1219 722 erat,
1257 671 1309 707 ut
1338 661 1414 707 vix
1439 661 1562 720 aliis,
1604 665 1683 726 qui

284 757 445 788 coram
479 740 567 786 sihi
602 742 887 800 assisterent,
914 741 1064 786 vicem
1097 740 1302 801 aliquam
1337 737 1398 784 ad
1421 738 1597 800 aliquid
1617 740 1685 785 di-

258 816 263 820 ’
283 821 487 867 cendum
509 821 680 867 sineret
699 821 938 885 impertiri.
968 819 1103 867 Unde
1121 837 1148 867 a
1165 819 1374 882 quodam
1392 819 1500 865 satis
1522 819 1686 881 insigni

283 899 383 944 viro
408 898 466 943 de
484 914 559 956 eo,
584 899 778 944 minime
801 915 828 945 a
852 915 964 945 vero
989 899 1212 958 alienum,
1238 896 1493 960 aliquando
1510 895 1688 943 dictum

283 984 373 1032 est,
405 993 425 1017 t(
451 990 479 1020 a
507 989 668 1032 mane,
700 991 796 1037 quo
819 991 847 1020 a
869 990 1038 1020 somno
1072 984 1302 1036 surgeret,
1341 990 1395 1019 os
1426 973 1467 1018 ei
1498 973 1688 1018 minime

283 1052 462 1111 claudi,
486 1061 532 1097 et
549 1052 759 1111 linguam
775 1052 1001 1114 loquendi
1023 1068 1120 1097 non
1138 1067 1315 1097 cessare
1334 1049 1514 1109 officio,
1538 1049 1690 1096 donec

285 1131 478 1187 iterum,
506 1145 608 1175 sera
628 1139 766 1175 nocte
790 1129 1038 1189 redeunte,
1069 1129 1220 1192 capite
1245 1129 1305 1174 ad
1340 1127 1538 1174 cervical
1558 1143 1689 1190 repo-

283 1207 399 1266 sito,
437 1223 632 1252 somnus
665 1206 753 1252 sibi
775 1206 1002 1268 loquendi
1026 1206 1168 1252 finem
1213 1207 1491 1269 imponeret.
1523 1224 1544 1246 »
1585 1206 1690 1260 Qua

286 1284 465 1330 ratione
497 1294 620 1329 recte
651 1283 802 1329 fatuus
836 1284 1003 1346 aliquis
1036 1284 1204 1329 merito
1228 1283 1318 1329 dici
1344 1282 1489 1341 solet,
1519 1280 1579 1327 ab
1604 1281 1690 1326 im·

285 1360 529 1406 moderata
556 1360 731 1405 scilicet
760 1370 806 1405 et
829 1360 1078 1406 indiscreta
1109 1359 1336 1406 effusione
1362 1369 1502 1422 atque
1531 1358 1692 1419 loqua-

284 1446 438 1482 eltate.

350 1512 441 1557 Sed
463 1529 521 1557 ne
546 1513 593 1557 in
616 1512 717 1557 solo
737 1528 952 1557 sermone
979 1522 1024 1558 et
1045 1512 1325 1559 verbositate
1348 1513 1433 1557 viri
1452 1512 1692 1557 stultitiam

284 1605 421 1652 posse
444 1590 740 1635 manifestare
764 1589 1029 1648 videamur,
1059 1590 1199 1635 etiam
1224 1590 1454 1635 nonnulla
1481 1590 1693 1653 exempla

286 1681 411 1727 quae,
446 1675 604 1710 utrum
632 1666 836 1710 hominis
862 1666 1137 1728 sapientiam
1175 1676 1250 1712 aut
1277 1667 1575 1730 prudentiam
1610 1682 1693 1729 po-

289 1743 378 1788 tius
415 1758 559 1805 quam
596 1742 836 1787 stultitiam
866 1742 1154 1788 irridendam
1198 1743 1514 1805 praetendant,
1543 1743 1694 1803 legen-

289 1820 406 1864 tium
431 1835 639 1864 censurae
657 1828 796 1881 atque
814 1818 994 1880 judicio
1012 1820 1333 1881 relinquimus.

355 1900 459 1943 Non
493 1897 746 1942 referemus
779 1895 1124 1959 expeditionem
1157 1913 1299 1959 quam
1330 1897 1550 1943 adversus
1582 1900 1696 1942 Leo-

289 1973 421 2019 dium
450 1974 683 2020 civitatem
717 1983 763 2018 et
793 1973 1097 2031 Leodienses,
1142 1990 1261 2035 quos
1291 1975 1339 2019 in
1373 1990 1502 2020 arma
1531 1984 1694 2020 contra

290 2051 533 2108 Carolum,
590 2050 761 2095 ducem
816 2050 1205 2111 Burgundionum
1242 2052 1423 2114 inclytae
1481 2051 1696 2097 recorda-

290 2128 447 2183 tionis,
472 2128 803 2187 eoncitaverat,
825 2144 934 2172 cum
955 2127 1122 2173 eodem
1140 2129 1308 2173 Carolo
1327 2128 1445 2173 duce
1465 2129 1689 2191 suscepit,

294 2203 374 2249 ubi
399 2220 586 2249 crucem
609 2204 754 2250 sancti
775 2204 992 2262 Andreae,
1026 2215 1250 2266 tanquam
1279 2204 1458 2250 satelles
1485 2208 1694 2267 Burgun-

294 2281 397 2337 dus,
414 2298 464 2326 su
470 2298 553 2344 per
572 2291 748 2327 restem
765 2282 985 2344 portavit,
1008 2291 1055 2326 et
1074 2283 1166 2326 vive
1182 2284 1471 2345 Bourgozgloe
1485 2281 1500 2327 l
1516 2284 1696 2344 magnis

294 2357 470 2403 viribus
489 2357 760 2402 acclamavit
778 2359 813 2414 2;
840 2373 927 2402 nec
946 2357 1151 2402 edictum
1166 2358 1223 2403 de
1242 2358 1439 2404 canibus
1455 2358 1691 2414 omnibus,

294 2452 377 2499 per
396 2434 654 2480 Galliarum
684 2433 844 2493 urbes,
873 2435 919 2479 in
952 2435 1107 2480 locum
1145 2453 1293 2481 unum
1322 2453 1482 2483 coram
1510 2453 1536 2483 a
1563 2454 1610 2483 se
1634 2437 1693 2484 ad

296 2512 389 2557 hoc
434 2510 693 2556 commissis
729 2509 953 2571 cogendis
993 2520 1037 2556 et
1072 2511 1384 2569 adducendis,
1425 2513 1512 2559 sub
1556 2529 1695 2576 poena

348 2619 365 2653 1
379 2643 386 2651 .
420 2617 489 2652 Ms.
511 2617 727 2652 desertione.

351 2682 386 2715 2.
421 2680 514 2727 Voy.
540 2680 639 2716 t.11.
663 2690 700 2727 p.
726 2678 802 2714 203
823 2685 859 2714 et
877 2678 970 2715 209.
