1875 2956
706 195 848 230 LIBER
889 196 1086 232 SEXTUS.
1551 199 1587 232 31

200 277 412 322 eamdem
434 278 675 325 ecclesiam
703 281 796 325 suis
822 281 1047 326 thesauris
1070 289 1115 325 et
1141 278 1372 341 jocalibus
1396 281 1598 340 antiquis

200 354 373 415 majore
402 370 456 399 ex
480 366 610 417 parte
638 357 877 419 spoliasset
902 377 911 402 :
946 356 1093 418 quod,
1128 371 1155 400 a
1185 355 1261 400 tali
1296 355 1518 400 scelerato
1544 372 1598 401 ac

198 431 353 493 rapaci
378 432 588 478 ministro
616 443 847 496 patratum
883 433 1036 478 forsan
1054 468 1065 490 ⁷
1091 432 1138 475 in
1168 447 1325 492 regem
1365 432 1596 498 insontem

197 514 335 566 atque
349 505 593 551 innoxium
620 508 886 568 intorquere
907 505 1027 550 sama
1037 514 1270 568 potuerat.

260 584 356 626 Hac
392 583 547 644 itaque
582 584 763 628 civitate
783 591 918 626 utens
956 598 1036 627 rex
1059 598 1145 644 pro
1171 581 1323 640 libito,
1351 592 1396 627 et
1425 584 1470 627 in
1495 599 1598 628 earn

196 657 432 703 advocans
469 674 684 720 magnam
708 668 889 721 partem
910 674 1099 703 suarum
1126 661 1392 721 copiarum,
1411 662 1600 704 Hanno-

198 734 282 779 niae
300 750 435 795 agros
464 735 568 796 igne
585 771 596 792 ‚
625 734 744 779 ferro
770 744 909 796 atque
927 735 1100 797 rapinis
1126 735 1343 797 populari
1361 751 1600 796 aggressus

195 822 260 857 est
280 849 291 869 ,
318 822 364 857 et
384 813 428 856 in
454 827 508 856 ea
528 812 681 873 plures
705 812 835 856 villas
860 812 1059 874 optimas
1078 811 1297 857 incendio
1323 812 1529 857 vastavit.

673 1004 1011 1047 CAPVFULUM
1049 1006 1124 1048 lX.

244 1128 291 1159 De
309 1126 564 1171 expugnatione
584 1125 708 1171 oppidi
730 1131 890 1167 Avesnes,
911 1126 1009 1159 ducis
1030 1127 1181 1160 Getdriae
1199 1127 1291 1160 caede
1304 1155 1311 1168 ‚
1331 1137 1362 1161 et
1382 1130 1551 1161 exercitus

487 1182 745 1227 Flzuningorum
768 1182 1012 1227 profligatione
1028 1192 1060 1216 et
1078 1182 1306 1229 dispersione.

260 1305 417 1348 Castra
441 1303 576 1347 etiam
597 1312 761 1347 contra
778 1301 1007 1364 oppidum
1025 1303 1227 1347 Avennis
1240 1303 1419 1365 posuit,
1441 1303 1488 1346 in
1504 1319 1599 1364 quo

194 1396 247 1425 ex
270 1378 516 1423 Brabantia
541 1387 585 1422 et
604 1378 855 1422 Hannonia
878 1376 1141 1439 przesidium
1167 1377 1368 1422 militum
1393 1378 1600 1426 locatum

194 1453 439 1497 exstiterat.
469 1451 559 1506 Qui
580 1460 744 1496 contra
759 1453 1047 1495 Francorum
1072 1451 1299 1514 impetum
1325 1461 1370 1497 et
1397 1451 1601 1499 obsidio-

195 1542 302 1570 nem
327 1524 555 1587 oppidum
577 1524 753 1569 fortiter
767 1524 947 1586 aliquot
961 1524 1127 1570 diebus
1146 1527 1281 1571 tutati
1302 1536 1424 1571 sunt.
1454 1530 1598 1575 Porro

193 1618 301 1647 cum
324 1603 432 1646 totis
448 1600 625 1646 viribus
648 1602 782 1662 regii,
811 1602 891 1663 qui
917 1618 1090 1662 magno
1115 1612 1247 1647 erant
1280 1620 1498 1663 numero,
1523 1604 1600 1650 de-

187 1678 318 1739 jectis
344 1679 550 1740 primum
576 1678 942 1741 propugnaculis
973 1688 1017 1723 et
1049 1680 1318 1724 tutamentis
1351 1681 1595 1741 moenium,

192 1771 459 1817 expugnare
474 1755 735 1800 statuissent
751 1754 981 1817 oppidum
998 1792 1007 1811 ‚
1024 1755 1131 1800 licet
1143 1765 1328 1801 strenue
1340 1757 1446 1802 satis
1460 1773 1599 1818 agen-

194 1826 318 1873 tibus
346 1829 426 1890 qui
462 1828 553 1873 illic
584 1845 671 1890 pro
697 1828 968 1874 defensione
998 1827 1274 1888 adstabant,
1309 1829 1498 1875 tandem
1534 1841 1599 1877 ta-

193 1921 299 1949 men
326 1903 385 1950 ab
413 1904 736 1949 obsessoribus
752 1914 1068 1968 expugnatum
1090 1905 1320 1968 oppidum
1344 1917 1389 1952 et
1409 1918 1599 1970 captum

193 1979 313 2038 fuit¹‚
353 1979 563 2041 factaque
602 1978 666 2023 ibi
692 1979 839 2024 caedes
872 1979 1074 2042 plurima
1098 1980 1269 2025 civium
1301 1990 1347 2025 et
1369 1981 1594 2041 aliorum⁷

194 2073 312 2119 quos
329 2056 482 2119 primo
503 2057 681 2119 impetu
704 2056 904 2101 victores
929 2057 1093 2102 Franci
1119 2055 1285 2102 obx‘ios
1307 2056 1594 2104 habuerunt.

194 2135 325 2196 Capti
350 2134 536 2179 filerunt
555 2134 648 2179 illic
673 2134 894 2179 dominus
907 2126 967 2179 de*
982 2133 1296 2179 Czclenburelz²
1312 2145 1356 2180 et
1379 2135 1598 2182 dominus

195 2210 252 2254 tle
277 2212 500 2268 Peruveffl,
534 2227 642 2255 curn
668 2210 907 2255 nonnullis
938 2210 1038 2255 aliis
1073 2209 1336 2269 nobilibus⁷
1374 2213 1453 2274 qui
1482 2212 1597 2258 inibi

195 2287 251 2331 ad
276 2287 524 2332 tutandum
544 2286 773 2349 oppidum
795 2286 975 2331 fuerant
999 2286 1257 2331 collocati&

252 2414 285 2447 1.
319 2411 607 2458 ¹12j11in1477.

249 2474 286 2509 2.
317 2472 507 2521 Gaspard,
529 2472 702 2522 seigneur
721 2471 767 2508 (le
786 2471 1040 2521 Culcnbourg.

251 2537 286 2568 2’1.
318 2536 443 2569 Permi
454 2534 546 2570 dans
556 2534 591 2570 le
602 2547 672 2570 ins.
683 2533 907 2569 C'estHen1·i
920 2533 966 2569 tle
981 2536 1143 2578 Hornes,
1155 2534 1329 2583 seigneur
1337 2534 1383 2570 de
1394 2537 1517 2570 Peruu
1526 2534 1592 2571 els.

251 2597 286 2630 11.
320 2598 388 2631 Les
409 2595 539 2631 nobles
568 2608 607 2632 se
635 2596 813 2631 lix-rerem
843 2595 983 2644 malgre
1012 2595 1046 2630 la
1067 2608 1287 2637 commune,
1314 2596 1376 2644 qui
1400 2596 1594 2632 coinbattit

194 2655 342 2704 jusqu‘a
362 2656 395 2691 la
415 2656 586 2692 dernicre
606 2656 815 2692 extrenum.
842 2656 1007 2693 Molinct„
1031 2664 1056 2691 t.
1080 2658 1135 2699 11,
1158 2657 1217 2692 cb.
1243 2670 1334 2692 XLH.
