1875 2956
346 251 393 286 82
706 250 1036 285 HISTORIARUM
1066 250 1293 287 LUDOVIC!
1325 253 1374 286 XI

349 338 696 398 vicinarumque
729 347 956 382 terrarum
991 335 1195 399 oppida3
1226 352 1427 398 quorum
1456 353 1637 383 summa
1664 353 1737 382 su-

344 430 426 476 per
470 431 543 459 Lvi
600 413 741 459 millia
787 412 1074 459 florenorum
1121 413 1369 459 ascendere
1419 414 1651 460 ferebatur
1691 413 1736 457 in

342 507 484 537 anno.

406 569 569 613 Statim
597 568 778 629 itaque,
816 576 868 613 ut
902 566 1118 624 diximuS,
1151 565 1376 611 exstincto
1401 567 1568 613 Carolo
1591 567 1731 620 duce,

342 644 474 705 cujus
513 643 708 688 viventis
752 652 902 688 metus
948 640 1141 687 infirmis
1195 651 1239 686 et
1291 640 1516 687 seditiosis
1573 644 1739 689 animis

342 720 726 779 'l'rajectensium,
751 729 973 781 tanquam
997 727 1123 763 tutor
1146 718 1349 781 pupillis,
1380 718 1503 763 utilis
1525 719 1657 765 valde
1686 736 1740 765 ac

342 798 625 842 necessarius
650 798 903 852 exstiterat,
936 796 1199 858 cogitarunt
1227 795 1491 858 pestilentes
1526 796 1738 842 nonnulli

336 889 543 934 quanam
561 875 635 920 via
671 890 768 920 sese
800 873 1061 919 subducere
1087 881 1278 936 possent
1306 871 1365 918 ab
1405 871 1672 918 obedientia
1695 882 1741 918 et

338 949 628 1012 subjectione
654 966 770 1013 quas
792 950 851 996 ad
887 950 1135 996 dominum
1175 964 1312 994 suuni
1342 948 1566 994 hactenus
1609 948 1740 995 exhi-

336 1025 448 1072 bere
471 1036 515 1072 et
535 1026 783 1073 observare
809 1035 1162 1083 consueverant,
1191 1035 1257 1085 ut,
1284 1024 1510 1071 abdicatis
1533 1041 1614 1071 seu
1635 1042 1741 1089 pro·

337 1102 517 1165 scriptis
551 1103 632 1165 qui
671 1103 964 1164 magistratus
1006 1112 1051 1147 et
1082 1101 1237 1148 officia
1265 1102 1459 1148 civitatis
1494 1101 1735 1164 gerebant,

338 1189 527 1241 possent
551 1180 637 1243 ipsi
661 1179 721 1225 ad
738 1179 929 1226 eosdem
942 1180 1235 1241 magistratus
1249 1180 1477 1240 gerendos
1500 1181 1736 1226 accedere.

339 1256 559 1302 Videntes
591 1266 747 1303 autem
779 1257 870 1303 hoc
900 1257 988 1302 nisi
1012 1256 1099 1302 sub
1124 1256 1298 1301 ducatu
1320 1256 1516 1319 alicujus
1540 1257 1742 1320 potentis

339 1349 435 1378 non
455 1333 587 1380 facile
607 1335 830 1397 consequi
856 1350 1014 1397 posse,
1051 1334 1362 1379 accersierunt
1381 1333 1622 1396 praefatum
1662 1333 1742 1379 do-

340 1410 523 1455 minum
553 1410 611 1455 de
646 1409 946 1470 Monteforti,
982 1426 1124 1472 quem
1163 1427 1256 1456 suae
1297 1410 1508 1456 factionis
1547 1409 1741 1472 dignum

340 1488 425 1534 rati
442 1497 549 1533 sunt
581 1487 788 1533 futurum
811 1496 1146 1533 exsecutorem.
1174 1486 1426 1532 Ferebatur
1469 1487 1595 1531 enim
1633 1503 1740 1532 eum
1784 1495 1793 1503 ⁰

340 1573 505 1609 contra
542 1563 791 1609 dominum
832 1580 995 1622 suum,
1043 1564 1316 1626 episcopum
1347 1562 1736 1624 Trajectensium,

335 1641 430 1701 jam
449 1640 561 1685 olim
577 1639 636 1686 ab
650 1649 757 1686 ante
771 1639 997 1702 quasdam
1011 1639 1268 1685 exercuisse
1288 1639 1574 1685 simultates¹.
1602 1643 1742 1703 Prop-

341 1725 409 1761 ter
434 1715 563 1778 quod
579 1753 590 1775 ,
616 1732 663 1761 se
685 1726 851 1779 praesto
879 1715 1150 1762 adfuturum
1175 1716 1348 1762 auxilio
1387 1732 1553 1761 eorum
1590 1717 1670 1778 qui
1693 1733 1741 1763 se

341 1791 642 1838 accersebant
659 1829 670 1851 ,
723 1808 822 1837 non
879 1793 1107 1838 recusavit
1122 1828 1133 1850 ,
1185 1792 1266 1838 sed
1316 1792 1529 1855 protinus
1576 1809 1740 1839 eorum

341 1869 493 1931 paruit
511 1869 763 1926 voluntati3
789 1869 1161 1931 ingredientique
1184 1869 1436 1926 civitatem,
1457 1886 1561 1915 raro
1584 1870 1742 1917 admo-

341 1944 455 1990 dum
481 1944 672 1992 satellite
688 1982 699 2003 ,
737 1946 892 2007 statim
917 1962 1086 2007 magna
1123 1945 1261 1991 turba
1287 1945 1536 1992 hominum
1576 1964 1739 1993 eorum

341 2022 420 2082 qui
440 2038 512 2066 res
535 2038 682 2068 novas
703 2032 749 2068 et
768 2024 928 2068 omnia
946 2022 1124 2069 turbari
1148 2039 1330 2086 semper
1370 2033 1617 2086 exoptant,
1644 2025 1741 2086 ejus

343 2097 470 2142 lateri
492 2114 538 2142 se
559 2097 794 2160 adjunxit,
818 2099 883 2144 sic
900 2099 1047 2162 quod,
1072 2099 1202 2145 nullo
1225 2100 1413 2160 negotio
1434 2100 1654 2162 nullaque
1685 2119 1739 2148 ex

342 2172 538 2218 adverso
569 2173 677 2220 data
716 2175 989 2235 renitentia,
1031 2176 1154 2222 illico
1181 2176 1362 2221 civitate
1398 2176 1521 2221 xelut
1544 2177 1740 2240 imperio

343 2257 409 2293 est
441 2249 642 2311 potitus3
680 2250 846 2312 hisque
869 2252 942 2297 vel
978 2252 1257 2315 profligatis,
1285 2252 1356 2297 vel
1395 2252 1622 2313 ‹lejectis²,
1660 2257 1739 2316 qui

343 2324 634 2385 magistratus
656 2336 791 2372 antea
816 2338 1048 2387 gesserant
1065 2345 1119 2373 ex
1138 2328 1374 2373 voluntate
1396 2328 1646 2390 pontificis,
1670 2347 1739 2377 se-

341 2400 707 2463 cedentibusque
727 2420 751 2448 e
774 2404 956 2449 civitate
979 2404 1200 2449 omnihus
1224 2405 1406 2450 vicariis
1426 2415 1470 2451 et
1507 2406 1740 2454 officiariis

340 2479 573 2542 episcopi,
606 2479 721 2524 alios
749 2481 1043 2542 magistratus
1082 2498 1230 2525 novos
1256 2481 1347 2527 illic
1368 2499 1454 2545 pro
1480 2493 1591 2529 voto
1615 2485 1740 2531 insti-

342 2555 450 2610 tuit;
496 2555 739 2617 clavesque
782 2566 1024 2618 portarum
1065 2558 1260 2602 civitatis
1312 2558 1372 2604 ab
1416 2560 1499 2619 eis,
1535 2577 1738 2623 quorum

393 2661 428 2694 ¹1.
459 2659 488 2695 ΙΙ
513 2658 612 2695 avait
635 2666 794 2695 soutenu
814 2659 999 2697 l’clection
1021 2660 1067 2697 de
1088 2660 1234 2698 Gisbcri
1261 2661 1306 2698 ‹le
1326 2662 1550 2708 Brcderode.

391 2723 425 2756 2.
458 2725 518 2757 Sic
538 2720 735 2763 Matthaeus
754 2737 763 2767 3
784 2723 930 2757 (nudaris
948 2722 1040 2758 dans
1060 2723 1092 2759 lc
1115 2736 1183 2759 ms.
1207 2725 1398 2761 Penii-‹³1rc
1419 2729 1571 2763 omissis.
