<?xml version="1.0" encoding="UTF-8"?>
<!DOCTYPE html PUBLIC "-//W3C//DTD XHTML 1.0 Transitional//EN"
    "http://www.w3.org/TR/xhtml1/DTD/xhtml1-transitional.dtd">
<html xmlns="http://www.w3.org/1999/xhtml" xml:lang="en" lang="en">
 <head>
  <title>
</title>
<meta http-equiv="Content-Type" content="text/html;charset=utf-8" />
  <meta name='ocr-system' content='tesseract 3.04.00' />
  <meta name='ocr-capabilities' content='ocr_page ocr_carea ocr_par ocr_line ocrx_word'/>
</head>
<body>
  <div class='ocr_page' id='page_1' title='image "./histoiredesrgn03basi_0063.png"; bbox 0 0 1875 2956; ppageno 0'>
   <div class='ocr_carea' id='block_1_1' title="bbox 794 195 1665 236">
    <p class='ocr_par' dir='ltr' id='par_1_1' title="bbox 794 195 1665 236">
     <span class='ocr_line' id='line_1_1' title="bbox 794 195 1665 236; baseline 0.008 -7"><span class='ocrx_word' id='word_1_1' title='bbox 794 195 936 229; x_wconf 81' lang='lat' dir='ltr'>LIBER</span> <span class='ocrx_word' id='word_1_2' title='bbox 964 196 1162 231; x_wconf 81' lang='lat' dir='ltr'><strong>SEXTUS.</strong></span> <span class='ocrx_word' id='word_1_3' title='bbox 1625 203 1638 236; x_wconf 75' lang='lat'>1</span> <span class='ocrx_word' id='word_1_4' title='bbox 1652 202 1665 235; x_wconf 78' lang='lat'><strong>1</strong></span> 
     </span>
    </p>
   </div>
   <div class='ocr_carea' id='block_1_2' title="bbox 258 279 1675 1870">
    <p class='ocr_par' dir='ltr' id='par_1_2' title="bbox 258 279 1675 1870">
     <span class='ocr_line' id='line_1_2' title="bbox 272 279 1672 341; baseline 0.004 -16"><span class='ocrx_word' id='word_1_5' title='bbox 272 282 343 325; x_wconf 92' lang='lat' dir='ltr'>nis</span> <span class='ocrx_word' id='word_1_6' title='bbox 365 296 445 325; x_wconf 90' lang='lat' dir='ltr'>seu</span> <span class='ocrx_word' id='word_1_7' title='bbox 466 279 524 325; x_wconf 91' lang='lat' dir='ltr'>de</span> <span class='ocrx_word' id='word_1_8' title='bbox 538 295 681 341; x_wconf 86' lang='lat' dir='ltr'>regno</span> <span class='ocrx_word' id='word_1_9' title='bbox 697 283 897 326; x_wconf 82' lang='lat' dir='ltr'>Franciae</span> <span class='ocrx_word' id='word_1_10' title='bbox 916 280 1089 327; x_wconf 90' lang='lat' dir='ltr'>habere</span> <span class='ocrx_word' id='word_1_11' title='bbox 1111 281 1459 340; x_wconf 83' lang='lat' dir='ltr'>horrescebant,</span> <span class='ocrx_word' id='word_1_12' title='bbox 1478 299 1562 329; x_wconf 92' lang='lat' dir='ltr'>nec</span> <span class='ocrx_word' id='word_1_13' title='bbox 1578 286 1672 331; x_wconf 88' lang='lat' dir='ltr'>ullo</span> 
     </span>
     <span class='ocr_line' id='line_1_3' title="bbox 271 355 1669 420; baseline 0.002 -17"><span class='ocrx_word' id='word_1_14' title='bbox 271 366 407 420; x_wconf 89' lang='lat' dir='ltr'>pacto</span> <span class='ocrx_word' id='word_1_15' title='bbox 422 355 585 402; x_wconf 90' lang='lat' dir='ltr'>audire</span> <span class='ocrx_word' id='word_1_16' title='bbox 595 366 811 420; x_wconf 81' lang='lat' dir='ltr'>poterant</span> <span class='ocrx_word' id='word_1_17' title='bbox 823 394 834 416; x_wconf 90' lang='lat'>,</span> <span class='ocrx_word' id='word_1_18' title='bbox 856 373 935 402; x_wconf 87' lang='lat' dir='ltr'>seu</span> <span class='ocrx_word' id='word_1_19' title='bbox 948 357 1078 418; x_wconf 92' lang='lat' dir='ltr'>quod</span> <span class='ocrx_word' id='word_1_20' title='bbox 1088 357 1363 419; x_wconf 82' lang='lat' dir='ltr'>principissa</span> <span class='ocrx_word' id='word_1_21' title='bbox 1378 373 1459 402; x_wconf 91' lang='lat' dir='ltr'>sua</span> <span class='ocrx_word' id='word_1_22' title='bbox 1478 358 1669 418; x_wconf 80' lang='lat' dir='ltr'>delfino,</span> 
     </span>
     <span class='ocr_line' id='line_1_4' title="bbox 270 431 1674 497; baseline 0.003 -20"><span class='ocrx_word' id='word_1_23' title='bbox 270 433 387 494; x_wconf 81' lang='lat' dir='ltr'>regis</span> <span class='ocrx_word' id='word_1_24' title='bbox 399 431 515 491; x_wconf 84' lang='lat' dir='ltr'>filio,</span> <span class='ocrx_word' id='word_1_25' title='bbox 533 443 674 496; x_wconf 87' lang='lat' dir='ltr'>prout</span> <span class='ocrx_word' id='word_1_26' title='bbox 688 450 765 478; x_wconf 85' lang='lat' dir='ltr'>rex</span> <span class='ocrx_word' id='word_1_27' title='bbox 781 431 1091 490; x_wconf 83' lang='lat' dir='ltr'>desiderabat,</span> <span class='ocrx_word' id='word_1_28' title='bbox 1108 448 1190 478; x_wconf 88' lang='lat' dir='ltr'>seu</span> <span class='ocrx_word' id='word_1_29' title='bbox 1204 432 1341 478; x_wconf 91' lang='lat' dir='ltr'>alicui</span> <span class='ocrx_word' id='word_1_30' title='bbox 1362 434 1491 478; x_wconf 87' lang='lat' dir='ltr'>alteri</span> <span class='ocrx_word' id='word_1_31' title='bbox 1506 435 1674 497; x_wconf 81' lang='lat' dir='ltr'>princi-</span> 
     </span>
     <span class='ocr_line' id='line_1_5' title="bbox 268 507 1675 572; baseline 0.002 -18"><span class='ocrx_word' id='word_1_32' title='bbox 268 526 383 572; x_wconf 90' lang='lat' dir='ltr'>pum</span> <span class='ocrx_word' id='word_1_33' title='bbox 392 510 609 568; x_wconf 78' lang='lat' dir='ltr'>Franciae,</span> <span class='ocrx_word' id='word_1_34' title='bbox 622 509 787 571; x_wconf 86' lang='lat' dir='ltr'>nuptui</span> <span class='ocrx_word' id='word_1_35' title='bbox 798 507 1074 564; x_wconf 81' lang='lat' dir='ltr'>traderetur3</span> <span class='ocrx_word' id='word_1_36' title='bbox 1089 524 1237 553; x_wconf 90' lang='lat' dir='ltr'>unum</span> <span class='ocrx_word' id='word_1_37' title='bbox 1249 509 1404 571; x_wconf 90' lang='lat' dir='ltr'>potius</span> <span class='ocrx_word' id='word_1_38' title='bbox 1416 526 1471 554; x_wconf 80' lang='lat' dir='ltr'>ex</span> <span class='ocrx_word' id='word_1_39' title='bbox 1484 512 1675 558; x_wconf 87' lang='lat' dir='ltr'>Germa-</span> 
     </span>
     <span class='ocr_line' id='line_1_6' title="bbox 270 582 1673 648; baseline 0.004 -19"><span class='ocrx_word' id='word_1_40' title='bbox 270 586 354 630; x_wconf 77' lang='lat' dir='ltr'>niae</span> <span class='ocrx_word' id='word_1_41' title='bbox 371 584 661 648; x_wconf 87' lang='lat' dir='ltr'>principibus</span> <span class='ocrx_word' id='word_1_42' title='bbox 681 600 728 629; x_wconf 90' lang='lat' dir='ltr'>se</span> <span class='ocrx_word' id='word_1_43' title='bbox 744 599 914 646; x_wconf 88' lang='lat' dir='ltr'>cupere</span> <span class='ocrx_word' id='word_1_44' title='bbox 935 599 989 628; x_wconf 89' lang='lat' dir='ltr'>ac</span> <span class='ocrx_word' id='word_1_45' title='bbox 1001 582 1283 643; x_wconf 88' lang='lat' dir='ltr'>desiderare,</span> <span class='ocrx_word' id='word_1_46' title='bbox 1296 600 1436 646; x_wconf 89' lang='lat' dir='ltr'>quem</span> <span class='ocrx_word' id='word_1_47' title='bbox 1459 603 1615 647; x_wconf 82' lang='lat' dir='ltr'>regere</span> <span class='ocrx_word' id='word_1_48' title='bbox 1629 599 1673 634; x_wconf 89' lang='lat' dir='ltr'>et</span> 
     </span>
     <span class='ocr_line' id='line_1_7' title="bbox 269 660 1671 724; baseline 0.002 -18"><span class='ocrx_word' id='word_1_49' title='bbox 269 660 528 722; x_wconf 82' lang='lat' dir='ltr'>gubernare</span> <span class='ocrx_word' id='word_1_50' title='bbox 550 660 833 724; x_wconf 80' lang='lat' dir='ltr'>principissae</span> <span class='ocrx_word' id='word_1_51' title='bbox 855 674 948 704; x_wconf 85' lang='lat' dir='ltr'>suae</span> <span class='ocrx_word' id='word_1_52' title='bbox 977 669 1121 705; x_wconf 89' lang='lat' dir='ltr'>terras</span> <span class='ocrx_word' id='word_1_53' title='bbox 1150 676 1204 705; x_wconf 86' lang='lat' dir='ltr'>ac</span> <span class='ocrx_word' id='word_1_54' title='bbox 1227 660 1440 706; x_wconf 83' lang='lat' dir='ltr'>subditos</span> <span class='ocrx_word' id='word_1_55' title='bbox 1462 662 1671 709; x_wconf 88' lang='lat' dir='ltr'>humano</span> 
     </span>
     <span class='ocr_line' id='line_1_8' title="bbox 267 736 1671 802; baseline 0.001 -17"><span class='ocrx_word' id='word_1_56' title='bbox 267 755 396 785; x_wconf 87' lang='lat' dir='ltr'>more</span> <span class='ocrx_word' id='word_1_57' title='bbox 412 777 423 798; x_wconf 96' lang='lat'>,</span> <span class='ocrx_word' id='word_1_58' title='bbox 452 739 642 784; x_wconf 87' lang='lat' dir='ltr'>servatis</span> <span class='ocrx_word' id='word_1_59' title='bbox 663 736 839 782; x_wconf 86' lang='lat' dir='ltr'>eisdem</span> <span class='ocrx_word' id='word_1_60' title='bbox 862 737 955 781; x_wconf 85' lang='lat' dir='ltr'>suis</span> <span class='ocrx_word' id='word_1_61' title='bbox 979 737 1182 800; x_wconf 84' lang='lat' dir='ltr'>antiquis</span> <span class='ocrx_word' id='word_1_62' title='bbox 1222 737 1514 784; x_wconf 83' lang='lat' dir='ltr'>libertatibus</span> <span class='ocrx_word' id='word_1_63' title='bbox 1533 751 1671 802; x_wconf 85' lang='lat' dir='ltr'>atque</span> 
     </span>
     <span class='ocr_line' id='line_1_9' title="bbox 266 813 1671 882; baseline 0.003 -21"><span class='ocrx_word' id='word_1_64' title='bbox 266 813 708 871; x_wconf 87' lang='lat' dir='ltr'>consuetudinibus,</span> <span class='ocrx_word' id='word_1_65' title='bbox 753 829 937 876; x_wconf 89' lang='lat' dir='ltr'>sperare</span> <span class='ocrx_word' id='word_1_66' title='bbox 981 825 1173 877; x_wconf 84' lang='lat' dir='ltr'>possent</span> <span class='ocrx_word' id='word_1_67' title='bbox 1210 832 1218 858; x_wconf 93' lang='lat'>:</span> <span class='ocrx_word' id='word_1_68' title='bbox 1261 832 1459 877; x_wconf 84' lang='lat' dir='ltr'>regnum</span> <span class='ocrx_word' id='word_1_69' title='bbox 1504 834 1671 882; x_wconf 88' lang='lat' dir='ltr'>nempe</span> 
     </span>
     <span class='ocr_line' id='line_1_10' title="bbox 267 890 1671 954; baseline 0.004 -19"><span class='ocrx_word' id='word_1_70' title='bbox 267 894 548 937; x_wconf 88' lang='lat' dir='ltr'>Francorum</span> <span class='ocrx_word' id='word_1_71' title='bbox 571 900 615 936; x_wconf 89' lang='lat' dir='ltr'>et</span> <span class='ocrx_word' id='word_1_72' title='bbox 634 890 778 953; x_wconf 90' lang='lat' dir='ltr'>ipsius</span> <span class='ocrx_word' id='word_1_73' title='bbox 800 891 1000 950; x_wconf 82' lang='lat' dir='ltr'>accolas,</span> <span class='ocrx_word' id='word_1_74' title='bbox 1030 891 1077 935; x_wconf 90' lang='lat' dir='ltr'>in</span> <span class='ocrx_word' id='word_1_75' title='bbox 1105 900 1243 937; x_wconf 79' lang='lat' dir='ltr'>tantae</span> <span class='ocrx_word' id='word_1_76' title='bbox 1266 892 1557 954; x_wconf 84' lang='lat' dir='ltr'>dejectionis,</span> <span class='ocrx_word' id='word_1_77' title='bbox 1581 911 1671 940; x_wconf 89' lang='lat' dir='ltr'>ser-</span> 
     </span>
     <span class='ocr_line' id='line_1_11' title="bbox 265 967 1670 1031; baseline 0.003 -18"><span class='ocrx_word' id='word_1_78' title='bbox 265 968 418 1013; x_wconf 87' lang='lat' dir='ltr'>vitutis</span> <span class='ocrx_word' id='word_1_79' title='bbox 445 978 491 1013; x_wconf 92' lang='lat' dir='ltr'>et</span> <span class='ocrx_word' id='word_1_80' title='bbox 523 967 815 1014; x_wconf 86' lang='lat' dir='ltr'>miseriarum</span> <span class='ocrx_word' id='word_1_81' title='bbox 843 968 1108 1027; x_wconf 86' lang='lat' dir='ltr'>cumulum,</span> <span class='ocrx_word' id='word_1_82' title='bbox 1132 968 1253 1031; x_wconf 91' lang='lat' dir='ltr'>proh</span> <span class='ocrx_word' id='word_1_83' title='bbox 1280 968 1444 1015; x_wconf 77' lang='lat' dir='ltr'>dolor!</span> <span class='ocrx_word' id='word_1_84' title='bbox 1474 970 1670 1017; x_wconf 85' lang='lat' dir='ltr'>devolu-</span> 
     </span>
     <span class='ocr_line' id='line_1_12' title="bbox 265 1044 1668 1107; baseline 0.003 -18"><span class='ocrx_word' id='word_1_85' title='bbox 265 1054 363 1090; x_wconf 89' lang='lat' dir='ltr'>tum</span> <span class='ocrx_word' id='word_1_86' title='bbox 383 1044 676 1106; x_wconf 88' lang='lat' dir='ltr'>aspicientes,</span> <span class='ocrx_word' id='word_1_87' title='bbox 702 1052 780 1102; x_wconf 89' lang='lat' dir='ltr'>ut,</span> <span class='ocrx_word' id='word_1_88' title='bbox 819 1058 906 1106; x_wconf 85' lang='lat' dir='ltr'>pro</span> <span class='ocrx_word' id='word_1_89' title='bbox 932 1044 1185 1107; x_wconf 88' lang='lat' dir='ltr'>impiorum</span> <span class='ocrx_word' id='word_1_90' title='bbox 1210 1045 1558 1092; x_wconf 88' lang='lat' dir='ltr'>dominantium</span> <span class='ocrx_word' id='word_1_91' title='bbox 1582 1048 1668 1094; x_wconf 89' lang='lat' dir='ltr'>im-</span> 
     </span>
     <span class='ocr_line' id='line_1_13' title="bbox 264 1110 1666 1186; baseline 0.003 -20"><span class='ocrx_word' id='word_1_92' title='bbox 264 1110 507 1179; x_wconf 62' lang='lat' dir='ltr'>manitate,</span> <span class='ocrx_word' id='word_1_93' title='bbox 516 1120 671 1165; x_wconf 88' lang='lat' dir='ltr'>nullus</span> <span class='ocrx_word' id='word_1_94' title='bbox 695 1119 759 1165; x_wconf 89' lang='lat' dir='ltr'>ibi</span> <span class='ocrx_word' id='word_1_95' title='bbox 784 1120 1041 1182; x_wconf 86' lang='lat' dir='ltr'>quidquam</span> <span class='ocrx_word' id='word_1_96' title='bbox 1064 1137 1200 1167; x_wconf 85' lang='lat' dir='ltr'>suum</span> <span class='ocrx_word' id='word_1_97' title='bbox 1219 1120 1373 1167; x_wconf 86' lang='lat' dir='ltr'>dicere</span> <span class='ocrx_word' id='word_1_98' title='bbox 1391 1133 1562 1186; x_wconf 89' lang='lat' dir='ltr'>posset,</span> <span class='ocrx_word' id='word_1_99' title='bbox 1586 1125 1666 1170; x_wconf 90' lang='lat' dir='ltr'>sed</span> 
     </span>
     <span class='ocr_line' id='line_1_14' title="bbox 262 1195 1666 1260; baseline 0.002 -18"><span class='ocrx_word' id='word_1_100' title='bbox 262 1213 315 1242; x_wconf 83' lang='lat' dir='ltr'>ex</span> <span class='ocrx_word' id='word_1_101' title='bbox 337 1197 479 1242; x_wconf 88' lang='lat' dir='ltr'>solius</span> <span class='ocrx_word' id='word_1_102' title='bbox 509 1196 647 1241; x_wconf 89' lang='lat' dir='ltr'>unius</span> <span class='ocrx_word' id='word_1_103' title='bbox 682 1195 884 1259; x_wconf 86' lang='lat' dir='ltr'>pendeat</span> <span class='ocrx_word' id='word_1_104' title='bbox 910 1196 1103 1242; x_wconf 86' lang='lat' dir='ltr'>arbitrio</span> <span class='ocrx_word' id='word_1_105' title='bbox 1124 1207 1263 1259; x_wconf 89' lang='lat' dir='ltr'>atque</span> <span class='ocrx_word' id='word_1_106' title='bbox 1298 1208 1415 1243; x_wconf 87' lang='lat' dir='ltr'>nutu</span> <span class='ocrx_word' id='word_1_107' title='bbox 1438 1209 1666 1260; x_wconf 89' lang='lat' dir='ltr'>quantum</span> 
     </span>
     <span class='ocr_line' id='line_1_15' title="bbox 262 1273 1665 1335; baseline 0.002 -16"><span class='ocrx_word' id='word_1_108' title='bbox 262 1289 643 1334; x_wconf 87' lang='lat' dir='ltr'>unamquamque</span> <span class='ocrx_word' id='word_1_109' title='bbox 671 1273 963 1335; x_wconf 80' lang='lat' dir='ltr'>provinciam</span> <span class='ocrx_word' id='word_1_110' title='bbox 988 1273 1295 1320; x_wconf 87' lang='lat' dir='ltr'>collationum</span> <span class='ocrx_word' id='word_1_111' title='bbox 1318 1284 1361 1319; x_wconf 90' lang='lat' dir='ltr'>et</span> <span class='ocrx_word' id='word_1_112' title='bbox 1384 1275 1665 1323; x_wconf 86' lang='lat' dir='ltr'>tributorum</span> 
     </span>
     <span class='ocr_line' id='line_1_16' title="bbox 261 1349 1665 1412; baseline 0.002 -17"><span class='ocrx_word' id='word_1_113' title='bbox 261 1349 464 1412; x_wconf 89' lang='lat' dir='ltr'>pendere</span> <span class='ocrx_word' id='word_1_114' title='bbox 486 1358 725 1411; x_wconf 87' lang='lat' dir='ltr'>oporteat,</span> <span class='ocrx_word' id='word_1_115' title='bbox 751 1358 891 1411; x_wconf 89' lang='lat' dir='ltr'>atque</span> <span class='ocrx_word' id='word_1_116' title='bbox 911 1349 1233 1412; x_wconf 88' lang='lat' dir='ltr'>unusquisque</span> <span class='ocrx_word' id='word_1_117' title='bbox 1271 1350 1423 1396; x_wconf 87' lang='lat' dir='ltr'>solum</span> <span class='ocrx_word' id='word_1_118' title='bbox 1448 1352 1563 1397; x_wconf 91' lang='lat' dir='ltr'>illud</span> <span class='ocrx_word' id='word_1_119' title='bbox 1601 1353 1665 1398; x_wconf 88' lang='lat' dir='ltr'>ibi</span> 
     </span>
     <span class='ocr_line' id='line_1_17' title="bbox 261 1423 1664 1487; baseline 0.004 -18"><span class='ocrx_word' id='word_1_120' title='bbox 261 1425 456 1483; x_wconf 88' lang='lat' dir='ltr'>habeat,</span> <span class='ocrx_word' id='word_1_121' title='bbox 483 1424 613 1486; x_wconf 91' lang='lat' dir='ltr'>quod</span> <span class='ocrx_word' id='word_1_122' title='bbox 633 1423 1046 1469; x_wconf 85' lang='lat' dir='ltr'>sibidominantis¹</span> <span class='ocrx_word' id='word_1_123' title='bbox 1068 1426 1295 1487; x_wconf 85' lang='lat' dir='ltr'>rapacitas</span> <span class='ocrx_word' id='word_1_124' title='bbox 1320 1427 1532 1472; x_wconf 85' lang='lat' dir='ltr'>relictum</span> <span class='ocrx_word' id='word_1_125' title='bbox 1568 1445 1664 1475; x_wconf 85' lang='lat' dir='ltr'>esse</span> 
     </span>
     <span class='ocr_line' id='line_1_18' title="bbox 259 1500 1663 1564; baseline 0.004 -19"><span class='ocrx_word' id='word_1_126' title='bbox 259 1501 531 1564; x_wconf 88' lang='lat' dir='ltr'>permiserit.</span> <span class='ocrx_word' id='word_1_127' title='bbox 585 1500 718 1546; x_wconf 87' lang='lat' dir='ltr'>Unde</span> <span class='ocrx_word' id='word_1_128' title='bbox 766 1501 825 1546; x_wconf 89' lang='lat' dir='ltr'>ad</span> <span class='ocrx_word' id='word_1_129' title='bbox 871 1501 1174 1562; x_wconf 79' lang='lat' dir='ltr'>quaerendum</span> <span class='ocrx_word' id='word_1_130' title='bbox 1230 1503 1300 1548; x_wconf 77' lang='lat' dir='ltr'>vel</span> <span class='ocrx_word' id='word_1_131' title='bbox 1339 1505 1663 1550; x_wconf 82' lang='lat' dir='ltr'>sustinendum</span> 
     </span>
     <span class='ocr_line' id='line_1_19' title="bbox 259 1578 1662 1641; baseline 0.006 -20"><span class='ocrx_word' id='word_1_132' title='bbox 259 1578 519 1641; x_wconf 88' lang='lat' dir='ltr'>principem</span> <span class='ocrx_word' id='word_1_133' title='bbox 560 1578 618 1623; x_wconf 93' lang='lat' dir='ltr'>de</span> <span class='ocrx_word' id='word_1_134' title='bbox 644 1578 723 1623; x_wconf 91' lang='lat' dir='ltr'>illo</span> <span class='ocrx_word' id='word_1_135' title='bbox 743 1579 870 1639; x_wconf 82' lang='lat' dir='ltr'>regio</span> <span class='ocrx_word' id='word_1_136' title='bbox 893 1595 1062 1640; x_wconf 82' lang='lat' dir='ltr'>genere</span> <span class='ocrx_word' id='word_1_137' title='bbox 1077 1617 1088 1638; x_wconf 94' lang='lat'>,</span> <span class='ocrx_word' id='word_1_138' title='bbox 1115 1580 1245 1626; x_wconf 88' lang='lat' dir='ltr'>nulla</span> <span class='ocrx_word' id='word_1_139' title='bbox 1264 1581 1444 1627; x_wconf 89' lang='lat' dir='ltr'>ratione</span> <span class='ocrx_word' id='word_1_140' title='bbox 1465 1583 1534 1628; x_wconf 79' lang='lat' dir='ltr'>vel</span> <span class='ocrx_word' id='word_1_141' title='bbox 1558 1599 1662 1629; x_wconf 86' lang='lat' dir='ltr'>sua-</span> 
     </span>
     <span class='ocr_line' id='line_1_20' title="bbox 259 1655 1661 1721; baseline 0.004 -22"><span class='ocrx_word' id='word_1_142' title='bbox 259 1655 388 1701; x_wconf 87' lang='lat' dir='ltr'>sione</span> <span class='ocrx_word' id='word_1_143' title='bbox 430 1656 602 1701; x_wconf 80' lang='lat' dir='ltr'>inflecti</span> <span class='ocrx_word' id='word_1_144' title='bbox 641 1665 858 1718; x_wconf 84' lang='lat' dir='ltr'>poterant</span> <span class='ocrx_word' id='word_1_145' title='bbox 875 1693 886 1714; x_wconf 90' lang='lat'>,</span> <span class='ocrx_word' id='word_1_146' title='bbox 925 1656 995 1701; x_wconf 81' lang='lat' dir='ltr'>vel</span> <span class='ocrx_word' id='word_1_147' title='bbox 1036 1673 1274 1702; x_wconf 88' lang='lat' dir='ltr'>assensum</span> <span class='ocrx_word' id='word_1_148' title='bbox 1308 1668 1550 1721; x_wconf 65' lang='lat' dir='ltr'>pra’stare;</span> <span class='ocrx_word' id='word_1_149' title='bbox 1581 1659 1661 1704; x_wconf 88' lang='lat' dir='ltr'>sed</span> 
     </span>
     <span class='ocr_line' id='line_1_21' title="bbox 258 1731 1659 1794; baseline 0.003 -18"><span class='ocrx_word' id='word_1_150' title='bbox 258 1731 373 1777; x_wconf 90' lang='lat' dir='ltr'>illud</span> <span class='ocrx_word' id='word_1_151' title='bbox 389 1769 400 1791; x_wconf 93' lang='lat'>,</span> <span class='ocrx_word' id='word_1_152' title='bbox 448 1742 671 1794; x_wconf 87' lang='lat' dir='ltr'>tanquam</span> <span class='ocrx_word' id='word_1_153' title='bbox 692 1732 833 1777; x_wconf 87' lang='lat' dir='ltr'>totius</span> <span class='ocrx_word' id='word_1_154' title='bbox 876 1748 967 1777; x_wconf 82' lang='lat' dir='ltr'>suae</span> <span class='ocrx_word' id='word_1_155' title='bbox 1002 1733 1193 1777; x_wconf 77' lang='lat' dir='ltr'>exitium</span> <span class='ocrx_word' id='word_1_156' title='bbox 1231 1733 1471 1793; x_wconf 81' lang='lat' dir='ltr'>libertatis,</span> <span class='ocrx_word' id='word_1_157' title='bbox 1519 1735 1659 1780; x_wconf 81' lang='lat' dir='ltr'>vehe-</span> 
     </span>
     <span class='ocr_line' id='line_1_22' title="bbox 258 1808 1490 1870; baseline 0.002 -17"><span class='ocrx_word' id='word_1_158' title='bbox 258 1809 539 1854; x_wconf 88' lang='lat' dir='ltr'>mentissime</span> <span class='ocrx_word' id='word_1_159' title='bbox 562 1808 882 1855; x_wconf 88' lang='lat' dir='ltr'>abhorrebant</span> <span class='ocrx_word' id='word_1_160' title='bbox 907 1819 1047 1870; x_wconf 90' lang='lat' dir='ltr'>atque</span> <span class='ocrx_word' id='word_1_161' title='bbox 1079 1809 1490 1856; x_wconf 79' lang='lat' dir='ltr'>abominabantur.</span> 
     </span>
    </p>
   </div>
   <div class='ocr_carea' id='block_1_3' title="bbox 735 2000 1180 2045">
    <p class='ocr_par' dir='ltr' id='par_1_3' title="bbox 735 2000 1180 2045">
     <span class='ocr_line' id='line_1_23' title="bbox 735 2000 1180 2045; baseline 0.007 -3"><span class='ocrx_word' id='word_1_162' title='bbox 735 2000 939 2043; x_wconf 78' lang='lat' dir='ltr'>CAPITU</span> <span class='ocrx_word' id='word_1_163' title='bbox 949 2002 1068 2045; x_wconf 71' lang='lat' dir='ltr'>LUM</span> <span class='ocrx_word' id='word_1_164' title='bbox 1104 2002 1180 2045; x_wconf 90' lang='lat' dir='ltr'>lV.</span> 
     </span>
    </p>
   </div>
   <div class='ocr_carea' id='block_1_4' title="bbox 292 2115 1617 2207">
    <p class='ocr_par' dir='ltr' id='par_1_4' title="bbox 292 2115 1617 2207">
     <span class='ocr_line' id='line_1_24' title="bbox 292 2115 1617 2162; baseline 0.003 -14"><span class='ocrx_word' id='word_1_165' title='bbox 292 2116 340 2148; x_wconf 86' lang='lat' dir='ltr'>De</span> <span class='ocrx_word' id='word_1_166' title='bbox 361 2115 651 2149; x_wconf 74' lang='lat' dir='ltr'>condemnatione</span> <span class='ocrx_word' id='word_1_167' title='bbox 669 2126 700 2149; x_wconf 87' lang='lat' dir='ltr'>et</span> <span class='ocrx_word' id='word_1_168' title='bbox 718 2117 890 2162; x_wconf 79' lang='lat' dir='ltr'>supplicio</span> <span class='ocrx_word' id='word_1_169' title='bbox 905 2125 1043 2162; x_wconf 77' lang='lat' dir='ltr'>sumpto</span> <span class='ocrx_word' id='word_1_170' title='bbox 1065 2116 1107 2149; x_wconf 77' lang='lat' dir='ltr'>de</span> <span class='ocrx_word' id='word_1_171' title='bbox 1125 2118 1330 2151; x_wconf 85' lang='lat' dir='ltr'>cancellario</span> <span class='ocrx_word' id='word_1_172' title='bbox 1349 2118 1447 2152; x_wconf 80' lang='lat' dir='ltr'>ducis</span> <span class='ocrx_word' id='word_1_173' title='bbox 1463 2118 1617 2153; x_wconf 86' lang='lat' dir='ltr'>defuncti</span> 
     </span>
     <span class='ocr_line' id='line_1_25' title="bbox 698 2171 1212 2207; baseline 0.002 -2"><span class='ocrx_word' id='word_1_174' title='bbox 698 2181 729 2206; x_wconf 81' lang='lat' dir='ltr'>et</span> <span class='ocrx_word' id='word_1_175' title='bbox 746 2171 952 2206; x_wconf 81' lang='lat' dir='ltr'>douiino‘de</span> <span class='ocrx_word' id='word_1_176' title='bbox 970 2173 1212 2207; x_wconf 64' lang='lat' dir='ltr'>[lambet-court.</span> 
     </span>
    </p>
   </div>
   <div class='ocr_carea' id='block_1_5' title="bbox 253 2292 1651 2569">
    <p class='ocr_par' dir='ltr' id='par_1_5' title="bbox 253 2292 1651 2569">
     <span class='ocr_line' id='line_1_26' title="bbox 320 2292 1651 2358; baseline 0.005 -24"><span class='ocrx_word' id='word_1_177' title='bbox 320 2292 463 2335; x_wconf 85' lang='lat' dir='ltr'>Porro</span> <span class='ocrx_word' id='word_1_178' title='bbox 503 2308 610 2336; x_wconf 87' lang='lat' dir='ltr'>cum</span> <span class='ocrx_word' id='word_1_179' title='bbox 651 2293 782 2337; x_wconf 87' lang='lat' dir='ltr'>multi</span> <span class='ocrx_word' id='word_1_180' title='bbox 804 2294 1158 2339; x_wconf 73' lang='lat' dir='ltr'>aestimationem</span> <span class='ocrx_word' id='word_1_181' title='bbox 1188 2294 1416 2341; x_wconf 87' lang='lat' dir='ltr'>haberent</span> <span class='ocrx_word' id='word_1_182' title='bbox 1436 2296 1565 2358; x_wconf 87' lang='lat' dir='ltr'>quod</span> <span class='ocrx_word' id='word_1_183' title='bbox 1590 2297 1651 2341; x_wconf 90' lang='lat' dir='ltr'>illi</span> 
     </span>
     <span class='ocr_line' id='line_1_27' title="bbox 253 2364 1651 2434; baseline 0.004 -25"><span class='ocrx_word' id='word_1_184' title='bbox 253 2364 366 2421; x_wconf 83' lang='lat' dir='ltr'>duo,</span> <span class='ocrx_word' id='word_1_185' title='bbox 392 2367 472 2427; x_wconf 88' lang='lat' dir='ltr'>qui</span> <span class='ocrx_word' id='word_1_186' title='bbox 496 2367 738 2428; x_wconf 81' lang='lat' dir='ltr'>legationis</span> <span class='ocrx_word' id='word_1_187' title='bbox 755 2384 893 2415; x_wconf 91' lang='lat' dir='ltr'>causa</span> <span class='ocrx_word' id='word_1_188' title='bbox 916 2386 1073 2430; x_wconf 83' lang='lat' dir='ltr'>regem</span> <span class='ocrx_word' id='word_1_189' title='bbox 1095 2370 1306 2416; x_wconf 87' lang='lat' dir='ltr'>adierant</span> <span class='ocrx_word' id='word_1_190' title='bbox 1335 2381 1381 2416; x_wconf 90' lang='lat' dir='ltr'>et</span> <span class='ocrx_word' id='word_1_191' title='bbox 1408 2372 1651 2434; x_wconf 83' lang='lat' dir='ltr'>primiores</span> 
     </span>
     <span class='ocr_line' id='line_1_28' title="bbox 254 2444 1651 2506; baseline 0.004 -20"><span class='ocrx_word' id='word_1_192' title='bbox 254 2450 389 2503; x_wconf 88' lang='lat' dir='ltr'>atque</span> <span class='ocrx_word' id='word_1_193' title='bbox 407 2444 626 2506; x_wconf 63' lang='lat' dir='ltr'>praecipui</span> <span class='ocrx_word' id='word_1_194' title='bbox 647 2445 765 2490; x_wconf 89' lang='lat' dir='ltr'>inter</span> <span class='ocrx_word' id='word_1_195' title='bbox 780 2455 970 2491; x_wconf 76' lang='lat' dir='ltr'>caeteros</span> <span class='ocrx_word' id='word_1_196' title='bbox 986 2446 1253 2492; x_wconf 82' lang='lat' dir='ltr'>exstiterant</span> <span class='ocrx_word' id='word_1_197' title='bbox 1267 2483 1278 2504; x_wconf 89' lang='lat'>,</span> <span class='ocrx_word' id='word_1_198' title='bbox 1305 2448 1519 2493; x_wconf 88' lang='lat' dir='ltr'>videlicet</span> <span class='ocrx_word' id='word_1_199' title='bbox 1548 2464 1651 2493; x_wconf 81' lang='lat' dir='ltr'>can-</span> 
     </span>
     <span class='ocr_line' id='line_1_29' title="bbox 254 2517 1648 2569; baseline 0.005 -9"><span class='ocrx_word' id='word_1_200' title='bbox 254 2517 464 2563; x_wconf 74' lang='lat' dir='ltr'>cellarius</span> <span class='ocrx_word' id='word_1_201' title='bbox 491 2520 697 2566; x_wconf 82' lang='lat' dir='ltr'>defuncti</span> <span class='ocrx_word' id='word_1_202' title='bbox 721 2521 852 2566; x_wconf 89' lang='lat' dir='ltr'>ducis</span> <span class='ocrx_word' id='word_1_203' title='bbox 874 2523 1026 2567; x_wconf 84' lang='lat' dir='ltr'>Caroli</span> <span class='ocrx_word' id='word_1_204' title='bbox 1054 2533 1097 2567; x_wconf 88' lang='lat' dir='ltr'>et</span> <span class='ocrx_word' id='word_1_205' title='bbox 1115 2523 1335 2569; x_wconf 87' lang='lat' dir='ltr'>dominus</span> <span class='ocrx_word' id='word_1_206' title='bbox 1355 2524 1412 2569; x_wconf 90' lang='lat' dir='ltr'>de</span> <span class='ocrx_word' id='word_1_207' title='bbox 1427 2523 1648 2568; x_wconf 64' lang='lat' dir='ltr'>flamber-</span> 
     </span>
    </p>
   </div>
   <div class='ocr_carea' id='block_1_6' title="bbox 310 2652 861 2689">
    <p class='ocr_par' dir='ltr' id='par_1_6' title="bbox 310 2652 861 2689">
     <span class='ocr_line' id='line_1_30' title="bbox 310 2652 861 2689; baseline 0.009 -5"><span class='ocrx_word' id='word_1_208' title='bbox 310 2652 344 2687; x_wconf 85' lang='lat'>1.</span> <span class='ocrx_word' id='word_1_209' title='bbox 380 2653 604 2686; x_wconf 66' lang='lat' dir='ltr'>Domenandz·</span> <span class='ocrx_word' id='word_1_210' title='bbox 624 2653 715 2689; x_wconf 81' lang='lat' dir='ltr'>dans</span> <span class='ocrx_word' id='word_1_211' title='bbox 737 2653 770 2689; x_wconf 91' lang='lat' dir='ltr'>le</span> <span class='ocrx_word' id='word_1_212' title='bbox 794 2667 861 2689; x_wconf 77' lang='lat' dir='ltr'>ins.</span> 
     </span>
    </p>
   </div>
  </div>
 </body>
</html>
