1875 2956
656 178 796 212 LIBER
824 176 1071 212 SEPTIMUS.
1489 180 1559 214 143

167 271 427 320 servarant,
464 262 577 307 illud
602 279 629 308 a
657 273 866 326 tempore
899 261 1152 307 inchoatae¹
1178 259 1418 304 seditionis
1449 277 1559 306 con-

166 347 483 400 sumpserant,
511 339 648 384 etiam
673 349 871 400 egestate
902 335 1197 383 laborabant.
1229 334 1364 379 Unde
1394 337 1560 382 morie-

166 411 338 458 bantur
355 413 504 471 multi,
525 423 570 459 et
588 424 686 460 erat
705 413 877 475 ubique
895 410 1264 458 mendicantium
1289 410 1561 456 miserabilis

165 489 360 551 ejulatus
386 500 431 535 et
457 491 666 552 gemitus.

232 566 319 611 Illis
341 566 531 629 quidem
552 566 735 612 duobus
754 566 888 611 annis
907 601 917 621 ,
949 564 1120 627 quibus
1142 563 1219 609 illa
1241 563 1406 609 seditio
1432 563 1561 609 effer-

167 641 267 687 buit
291 653 336 688 et
365 643 547 689 duravit
563 679 573 699 ,
611 652 708 688 erat
731 641 905 705 ubique
937 657 1068 705 prone
1088 657 1172 703 per
1194 641 1352 685 Gallia·
1380 651 1423 686 et
1445 644 1560 686 Ger-

168 719 330 764 mania·
356 729 499 765 terras
529 719 740 764 sterilitas
769 728 814 763 et
843 718 1025 763 caristia
1064 733 1233 778 magna
1261 717 1557 774 victualium,

168 796 228 840 ita
253 805 301 840 ut
324 812 454 858 paene
482 795 656 857 ubique
673 830 684 851 ,
714 795 853 840 etiam
877 810 960 857 per
981 793 1154 839 Gallias
1173 830 1184 851 ,
1209 803 1337 857 peste
1360 810 1411 838 ex
1443 793 1562 838 same

165 881 430 928 contracta,
458 872 647 934 plurimi
670 880 980 916 morerentur.
1015 869 1105 916 Sed
1126 870 1318 931 Trajecti
1349 870 1447 915 ha‘c
1484 886 1563 916 ca<

164 947 345 993 lamitas
368 948 708 1009 geminabatur,
735 964 844 993 cum
867 964 921 992 ex
947 947 1065 1008 agris
1084 947 1200 1003 suis,
1228 947 1308 1008 qui
1333 946 1494 991 inculti
1518 957 1564 992 et

164 1024 370 1070 sentibus
394 1024 531 1070 obsiti
546 1024 793 1086 jacebant,
822 1023 938 1068 nihil
958 1040 1148 1086 prorsus
1171 1022 1488 1085 perciperent,
1518 1033 1564 1068 et

167 1102 298 1146 tertio
316 1103 329 1124 ²
369 1101 562 1146 denario
604 1111 683 1146 aut
728 1102 868 1146 etiam
912 1099 1158 1146 medietate
1199 1109 1369 1145 cuneta
1410 1100 1563 1145 carius

163 1193 318 1223 emere
345 1194 530 1224 necesse
556 1177 809 1232 haberent,
839 1192 980 1238 quam
1004 1176 1050 1220 in
1075 1177 1140 1221 eis
1165 1176 1282 1222 locis
1304 1176 1562 1222 venderen-

164 1262 237 1296 tur
263 1254 386 1299 unde
415 1270 470 1299 ea
501 1253 670 1299 advehi
702 1254 761 1299 ad
790 1270 870 1298 eos
902 1251 1164 1315 oportebat.
1193 1252 1284 1297 Sed
1315 1262 1361 1297 et
1394 1253 1563 1297 nihilo·

163 1331 316 1375 minus
339 1331 430 1375 illic
459 1331 584 1375 unde
613 1329 967 1375 advehebantur
997 1329 1116 1373 ultra
1145 1329 1357 1386 solitum,
1402 1345 1564 1390 quem-

161 1406 419 1451 admodum
459 1417 504 1451 et
539 1407 586 1450 in
619 1407 751 1451 omni
780 1406 903 1450 circa
928 1405 1143 1466 regione,
1177 1405 1359 1450 caristia
1395 1422 1564 1467 magna

162 1481 431 1526 victualium
455 1491 567 1526 erat.

225 1560 379 1613 Quam
399 1557 709 1603 miserabilem
734 1557 1045 1603 calamitatem
1069 1557 1261 1619 quidam
1281 1574 1334 1603 ex
1354 1558 1559 1619 civibus,

160 1633 240 1694 qui
262 1635 499 1680 validioris
521 1635 667 1681 animi
704 1643 842 1695 atque
868 1633 1073 1679 audacia*
1095 1644 1252 1692 erant,
1287 1635 1408 1680 ultra
1445 1635 1562 1681 ferre

161 1727 257 1755 non
292 1711 519 1767 valentes,
557 1712 676 1756 inter
718 1727 765 1756 se
799 1711 935 1773 pauci
976 1720 1089 1756 tunc
1121 1710 1338 1755 dixerunt
1381 1722 1560 1758 secreto

161 1787 290 1848 quod
309 1823 320 1843 ,
347 1788 385 1833 si
409 1788 567 1850 aliquo
592 1788 666 1833 die
702 1787 877 1832 rutheri
912 1787 1147 1832 civitatem
1172 1788 1377 1847 exirent,
1408 1789 1443 1833 si
1468 1806 1560 1850 qua

160 1864 235 1908 via
253 1873 468 1925 possent,
497 1880 524 1909 a
544 1864 636 1909 suis
659 1862 918 1909 cervicibus
941 1863 1238 1925 tyrannicum
1259 1864 1373 1908 illud
1394 1865 1559 1926 jugum

161 1949 430 1985 excuterent
457 1950 503 1985 et
539 1957 635 1986 sese
667 1956 720 1985 ac
759 1940 991 1985 civitatem
1027 1940 1075 1984 in
1114 1939 1378 1986 libertatem
1412 1942 1562 1987 vindi—

160 2025 334 2060 carent.
361 2016 677 2079 Explorabant
701 2017 855 2078 itaque
887 2026 933 2062 et
964 2017 1100 2062 tacite
1127 2016 1493 2079 opperiebantur
1524 2020 1561 2065 si

160 2092 351 2155 quando
375 2093 493 2139 hora
523 2103 793 2157 opportuna
815 2110 861 2138 se
889 2093 1102 2149 offerret,
1137 2109 1231 2154 qua
1262 2094 1331 2139 sui
1364 2094 1485 2140 inter
1513 2113 1560 2140 se

160 2171 316 2234 placiti
338 2182 383 2217 et
405 2172 610 2218 condicti
634 2172 980 2218 exsecutionem
1004 2170 1226 2234 perficere
1251 2182 1456 2234 possent.

225 2249 429 2310 Contigit
452 2259 608 2295 autem
632 2259 682 2294 ut
707 2249 781 2294 die
805 2248 977 2294 mensis
1005 2247 1162 2310 aprilis
1187 2265 1291 2303 xxl,
1322 2259 1429 2311 post
1456 2266 1559 2312 pas-

161 2323 249 2369 cha
292 2340 418 2371 anno
463 2326 654 2371 Domini
700 2341 1016 2372 mccccrxxxm
1038 2361 1048 2382 ,
1106 2324 1290 2385 tyranni
1329 2325 1523 2370 civitatis
1547 2362 1557 2383 ,

161 2398 350 2446 absente
374 2411 486 2447 tunc
506 2402 634 2447 idolo
660 2419 762 2456 suo,
784 2401 1035 2447 domicello
1058 2400 1374 2461 Engheiberto
1392 2401 1449 2446 de
1475 2402 1563 2446 Cti-

165 2477 252 2535 vis,
281 2479 360 2538 qui
387 2478 448 2524 ob
482 2479 710 2525 nonnulla
740 2495 822 2524 sua
848 2478 1033 2541 negotia
1056 2494 1082 2523 a
1110 2478 1292 2525 civitate
1317 2495 1364 2523 se
1393 2477 1560 2523 absen-

221 2589 252 2622 l.
283 2589 352 2624 Ms.
378 2590 581 2626 inchoante.
605 2589 800 2626 Matthaeus
822 2590 1038 2627 inclinantis.

214 2648 251 2682 ⁶2.
282 2648 478 2685 Mattliaeus
499 2651 696 2697 [rig-esium.

295 2721 342 2744 ιιι
1330 2714 1375 2747 10
