1875 2956
311 203 382 238 144
672 199 1005 235 HISTORIARUM
1035 198 1266 234 LUDOVICI
1296 199 1346 234 xl

309 299 410 334 sent
433 326 444 348 ‚
480 288 786 334 nihilominus
821 286 1018 349 spoliata
1050 294 1095 330 et
1125 296 1327 331 cremata
1358 285 1455 330 suit.
1485 287 1597 341 Quae
1634 299 1706 328 res

309 366 510 429 amplius
545 374 758 418 carteros,
795 363 873 423 qui
918 363 1089 425 pariter
1128 377 1175 407 se
1213 361 1528 421 redemerant,
1566 361 1705 407 vehe-

310 453 488 488 menter
518 441 764 499 exterruit,
798 440 860 484 ita
892 448 942 484 ut
977 438 1177 501 amplius
1212 453 1353 482 nemo
1382 455 1464 500 per
1494 439 1707 500 hujusce-

309 519 437 564 modi
465 517 809 580 redemptiones
832 532 879 561 se
899 525 1052 561 tutum
1077 514 1174 559 fore
1198 523 1447 577 reputaret.

794 711 1133 756 CAPITULUM
1167 710 1223 753 V.

307 849 497 891 Quomodo
523 849 614 882 cives
639 849 876 894 Trajectenscs
899 848 1053 894 potiores
1072 849 1192 893 juguni
1215 846 1403 893 tyrannicae
1421 844 1668 880 dominationis
1688 859 1708 880 a

356 905 424 938 suis
437 905 632 938 cervicibus
649 912 885 947 excusserunt,
905 903 1014 936 missis
1032 903 1067 935 in
1082 914 1256 935 carcerem
1267 902 1437 947 tyrannis,
1453 909 1485 935 et
1499 913 1598 934 suum
1615 914 1708 947 pon-

356 962 481 995 tificem
497 961 669 1007 optimum
688 961 723 994 in
738 961 910 995 civitatem
929 972 1025 994 suam
1043 968 1245 1006 receperunt
1263 971 1339 992 cum
1358 959 1527 1004 applausu
1542 971 1666 1004 magno
1681 960 1705 992 ¹.

377 1071 550 1116 Videns
573 1081 730 1117 autem
754 1071 959 1134 populus
989 1070 1292 1132 Trajectensis
1324 1086 1370 1115 se
1411 1070 1578 1115 totiens
1612 1069 1708 1116 fore

308 1164 391 1211 per
426 1165 535 1194 suos
570 1158 798 1211 tyrannos
830 1147 1069 1206 delusum,
1097 1147 1177 1209 qui
1216 1147 1260 1191 in
1302 1156 1371 1192 tot
1401 1145 1710 1192 conventibus

307 1242 394 1289 pro
419 1225 662 1272 tractanda
698 1242 813 1290 pace
844 1225 1016 1271 habitis
1048 1225 1164 1272 nihil
1189 1225 1375 1288 penitus
1404 1226 1614 1271 votivum
1643 1241 1710 1270 re-

309 1302 589 1365 portabant,
623 1303 737 1366 quin
769 1303 925 1367 potius
948 1301 1008 1348 ab
1032 1301 1208 1347 eisdem
1234 1302 1466 1364 tyrannis,
1492 1302 1599 1348 licet
1621 1302 1708 1347 fre·

309 1388 504 1440 quenter
544 1395 708 1425 omnes
745 1379 953 1424 honestae
992 1387 1035 1424 et
1075 1377 1376 1442 rationabiles
1416 1377 1711 1423 conditiones

308 1455 435 1517 pacis
457 1455 521 1500 eis
546 1454 712 1511 oblata*
735 1454 950 1513 fuissent,
979 1455 1133 1518 palam
1167 1443 1355 1500 dictum⁴
1378 1464 1708 1518 protestatum-

309 1546 399 1592 que
429 1530 585 1576 fuisset
616 1531 745 1593 quod
775 1531 937 1575 citius‘2
960 1531 1120 1576 omnia
1146 1540 1351 1576 extrema
1382 1547 1527 1593 usque
1550 1530 1609 1576 ad
1645 1530 1708 1576 ci-

307 1608 435 1651 vium
474 1607 688 1652 omnium
729 1608 1099 1653 internecionem
1140 1617 1184 1652 et
1213 1607 1429 1653 ultimum
1467 1608 1710 1653 hominem

308 1682 519 1728 relictum
563 1684 867 1743 sustinerent,
914 1700 1057 1746 quam
1102 1683 1232 1746 quod
1268 1684 1398 1747 pium
1437 1683 1711 1747 pontificem

308 1775 445 1804 suum
475 1775 686 1821 unquam
713 1760 761 1805 in
786 1759 1034 1805 dominnm
1060 1777 1196 1805 suum
1221 1769 1628 1821 recognoscerent,
1652 1760 1710 1805 de

309 1851 423 1897 pace
445 1836 779 1899 componenda
811 1846 891 1882 aut
927 1835 1226 1883 reformanda
1258 1836 1442 1899 penitus
1465 1835 1711 1900 desperare

308 1921 566 1974 coeperunt.
597 1911 846 1959 Crescebat
870 1913 917 1958 in
947 1911 1046 1957 dies
1071 1912 1214 1959 fames
1247 1930 1300 1959 ex
1338 1914 1532 1977 penuria
1565 1923 1608 1959 et
1638 1930 1711 1959 ca-

309 1987 435 2032 ristia
455 2004 672 2046 annonae,
704 2005 790 2034 nec
813 1997 1096 2034 mercatores
1119 1998 1199 2034 aut
1224 1988 1421 2035 artifices
1451 1989 1710 2052 quidquam

309 2062 423 2107 lucri
460 2064 534 2108 vel
574 2081 628 2109 ex
663 2063 889 2123 artificio,
918 2063 990 2109 vel
1021 2080 1076 2109 ex
1104 2064 1420 2126 negotiatione
1454 2064 1602 2110 facere
1631 2081 1711 2128 po-

310 2147 480 2184 terant.
521 2141 740 2187 Similiter
772 2157 860 2186 nec
902 2141 1078 2200 clerus,
1114 2157 1199 2187 nec
1233 2141 1522 2188 honestiores
1559 2142 1705 2198 cives,

309 2215 480 2277 quibus
517 2218 810 2264 consuetudo
850 2218 998 2264 fuerat
1033 2219 1091 2264 de
1125 2219 1326 2282 propriis
1363 2219 1517 2266 vivere
1554 2219 1709 2265 rediti-

308 2291 421 2351 bus,
455 2293 712 2355 quidquam
749 2293 858 2340 inde
882 2304 1098 2357 poterant
1129 2297 1396 2358 percipere3
1424 2306 1469 2341 et
1500 2297 1710 2360 plerique

318 2369 422 2431 qui,
456 2370 493 2414 si
525 2370 701 2431 aliquid
732 2370 951 2432 pusillum
977 2371 1088 2415 olim
1115 2387 1169 2416 ex
1201 2372 1486 2434 patrimonio
1521 2373 1608 2418 sibi
1638 2389 1707 2418 re-

366 2537 403 2572 1.
432 2534 608 2584 Chapitre
639 2535 811 2585 imprime
837 2535 929 2571 dans
956 2535 1008 2571 les
1041 2540 1222 2571 Analecta
1246 2538 1291 2573 de
1320 2538 1515 2575 Matthaeus
1549 2549 1584 2576 et
1613 2540 1703 2577 dans

310 2595 579 2645 l'Amplissima
599 2599 774 2632 collectio.

363 2659 401 2695 Ξ.
433 2658 628 2694 Matthaeus
647 2663 735 2707 quia
752 2663 888 2706 potine.
