1875 2956
261 220 335 254 153ss
618 220 957 256 HISTORIARUM
986 220 1215 256 LUDOVICI
1245 222 1298 256 XI

258 306 373 369 cipis
393 307 460 352 sui
480 317 617 369 atque
632 306 865 370 pontificis
884 315 1160 369 potestatem
1181 307 1440 367 reduxerat,
1469 326 1576 354 cum
1599 326 1649 355 ex

258 383 505 429 Hollandia
524 393 569 428 et
589 383 752 428 vicinis
774 383 902 428 terris
928 392 1096 428 cuncta
1119 399 1278 428 secure
1305 394 1441 447 atque
1464 387 1654 433 affluen-

256 467 325 504 ter
355 459 724 517 adveherentur,
760 459 1153 522 lniuuebaturque
1179 460 1225 505 in
1250 459 1348 506 dies
1370 478 1523 508 rerum
1548 481 1653 510 om-

255 535 386 580 nium
428 536 527 579 usui
570 536 671 580 vitae
713 536 1079 582 necessariarum
1123 535 1511 600 decrescebatque
1549 557 1653 603 pre-

254 612 370 656 tium
399 630 408 655 z
438 611 563 657 unde
603 612 846 658 exsultatio
876 623 920 657 et
961 613 1123 674 ingens
1156 612 1309 658 laetitia
1347 613 1471 676 plebi
1508 617 1651 663 inerat

253 686 445 747 hujusce
464 688 820 733 commoditates
841 688 928 733 sibi
950 688 1219 751 provenisse
1236 690 1462 747 cernenti,
1485 691 1652 752 quibus

252 761 446 808 biennio
466 764 664 826 privata,
687 764 774 809 sub
793 764 891 809 dira
910 765 1128 810 servitute
1146 774 1454 827 tyrannorum
1472 765 1590 812 fame
1609 779 1651 814 et

251 839 447 900 penuria
476 840 688 885 omnium
716 857 872 886 rerum
896 841 1180 903 elanguerat.
1218 840 1331 900 Sed,
1360 841 1500 888 heus!
1532 844 1651 906 proh

251 913 413 960 dolor!
452 915 724 978 hujusmodi
754 927 1085 962 momentanea
1114 917 1268 962 laetitia
1306 918 1475 963 civitati
1501 921 1651 966 statim

250 1007 381 1037 versa
405 1002 473 1037 est
497 993 543 1037 in
565 993 744 1038 luctum
773 1004 818 1039 et
845 995 1120 1039 lamentum.
1150 997 1267 1039 Nam
1293 1004 1398 1056 post
1425 995 1651 1058 irruptio-

250 1085 357 1115 nem
389 1070 670 1115 Clivensium
706 1071 872 1116 factam
895 1108 905 1126 ‚
941 1070 1099 1116 denuo
1129 1071 1314 1116 civitate
1337 1071 1557 1117 omnibus
1582 1074 1649 1117 xi-

248 1146 363 1191 cinis
396 1147 528 1191 terris
558 1147 767 1203 inimica,
803 1147 934 1192 nullo
960 1164 1011 1192 ex
1046 1147 1186 1192 latere
1224 1148 1271 1192 in
1304 1164 1407 1193 eam
1437 1149 1652 1195 victualia

247 1223 571 1284 portabantur.
592 1227 812 1269 Poterant
837 1224 953 1269 forte
975 1223 1203 1269 nonnulla
1226 1241 1280 1269 ex
1300 1225 1652 1270 transissellanis

248 1301 432 1363 oppidis
458 1300 653 1359 advehi,
682 1302 762 1347 sed
786 1318 894 1346 cuni
919 1301 1059 1346 tantis
1082 1300 1344 1364 sumptibus
1368 1311 1412 1347 et
1436 1302 1652 1364 periculis

247 1377 373 1438 quod
397 1414 407 1434 ‚
437 1394 545 1421 cum
574 1377 632 1423 ad
663 1378 897 1423 civitatem
925 1393 1071 1439 usque
1094 1379 1339 1440 pervenire
1361 1378 1645 1441 potuissent,

247 1463 341 1499 tam
365 1470 474 1499 caro
499 1470 552 1499 ea
576 1454 851 1499 venumdari
879 1454 1144 1516 oportebat,
1173 1455 1299 1515 quod
1318 1454 1467 1517 plebis
1492 1454 1648 1499 humi-

246 1528 372 1572 lioris
412 1528 471 1574 ad
503 1545 554 1573 ea
586 1527 785 1573 emenda
819 1527 1056 1573 facultates
1085 1528 1276 1573 minime
1309 1526 1644 1573 sufficiebant¹.

249 1607 348 1648 Erat
392 1614 504 1649 tunc
545 1620 736 1649 annona
782 1603 956 1666 ubique
1001 1619 1133 1660 cara,
1171 1603 1248 1648 sed
1286 1620 1338 1647 ex
1374 1613 1559 1648 vectura
1604 1614 1648 1648 et

245 1683 425 1724 scot-10²
446 1696 527 1725 seu
550 1680 812 1739 conductu,
845 1681 1044 1743 pretium
1074 1680 1133 1725 ad
1159 1681 1341 1725 tertiam
1372 1690 1552 1743 partem
1576 1681 1644 1725 vel

243 1757 442 1819 amplius
476 1756 521 1800 in
556 1757 739 1801 civitate
759 1755 1069 1801 excrescebat.
1099 1756 1186 1800 Sed
1213 1766 1257 1801 et
1282 1766 1392 1800 tunc
1417 1757 1646 1801 rarissime

242 1833 397 1894 aliqua
434 1832 778 1878 invehebantur
817 1832 876 1878 ad
922 1832 1156 1877 civitatem
1194 1850 1202 1875 :
1239 1848 1291 1876 ex
1330 1848 1425 1893 quo
1461 1832 1647 1876 contin-

243 1908 379 1969 gebat
402 1908 531 1969 quod
550 1908 686 1953 simul
710 1925 817 1954 cum
842 1908 1031 1953 caritate
1057 1923 1256 1952 annonae
1279 1907 1579 1952 invalesceret
1601 1917 1645 1952 et

244 1985 400 2030 sames.

294 2151 330 2185 sl.
367 2165 381 2180 «
405 2148 556 2185 Dcdans
575 2149 732 2186 Uti-eclit
758 2150 955 2186 n'estoient
984 2151 1103 2187 nullos
1129 2150 1251 2187 cliairs
1276 2162 1323 2186 nc
1347 2150 1528 2199 quelques
1553 2163 1639 2200 pro-

240 2210 378 2245 xisions
405 2210 450 2245 dc
475 2211 525 2246 sel
543 2239 552 2256 ‚
580 2219 615 2247 et
634 2224 710 2260 ung
731 2220 791 2261 pot
815 2212 861 2247 (lc
881 2225 961 2247 (οι-κ
973 2211 1049 2247 oise
1070 2226 1109 2248 50
1128 2211 1279 2248 vendoit
1299 2211 1494 2260 cinissolS.
1520 2228 1536 2244 ι
1558 2215 1636 2249 Mo-

239 2271 349 2317 linet‚
376 2281 400 2308 t.
425 2275 480 2320 II,
501 2272 612 2322 (γ-Ιιειρ.
637 2286 739 2312 xcx-1,

291 2336 328 2371 2.
358 2335 482 2371 Plutot
505 2344 644 2379 scorta,
673 2335 839 2384 quoique
870 2335 903 2372 la
935 2336 1053 2371 forme
1083 2345 1237 2370 scm-lum
1267 2334 1313 2370 ait
1348 2335 1406 2371 cte
1436 2335 1639 2372 introduite

238 2396 330 2433 (lans
355 2396 388 2433 le
417 2397 597 2446 glossaire
627 2396 673 2432 dc
703 2399 756 2432 Ι)ιι
780 2399 903 2445 Gange
930 2397 1077 2446 ‹l'aprsts
1107 2396 1295 2432 l'autorit(¹
1321 2395 1366 2432 ‹le
1395 2410 1436 2431 ce
1466 2410 1634 2447 passage.

237 2459 333 2495 C'est
352 2459 386 2495 le
406 2467 478 2495 uiui
502 2458 660 2506 srancais
683 2468 830 2494 est-orte.
