1875 2956
290 210 357 243 12¹5
647 207 983 243 HISTORIARUM
1014 208 1247 245 LUDOVICI
1274 208 1327 243 XI

282 296 496 357 martyris
522 295 769 358 coepissent
800 292 1056 351 abstinere,
1087 309 1184 339 sese
1207 295 1255 339 in
1288 309 1434 338 unum
1469 300 1688 353 cogentes

279 371 433 435 stipati
457 382 745 418 armatorum
767 370 1067 416 multitudine
1090 370 1380 434 (plusquam,
1402 379 1454 415 ut
1480 368 1685 424 aiebant,

280 448 534 509 trecentis),
563 456 856 493 accesserunt
885 446 945 492 ad
973 447 1133 492 locum
1163 446 1466 509 capitularem
1499 445 1690 507 majoris

280 525 506 581 ecclesiae,
539 523 622 569 ubi
645 524 888 568 universus
911 523 1063 569 clerus
1101 533 1215 568 tunc
1239 521 1415 568 aderat.
1440 523 1548 579 Qui,
1591 531 1691 567 tau-

280 617 422 663 quam
469 600 716 646 frementes
746 600 904 645 bestiae
937 610 982 645 et
1015 601 1177 645 leones
1219 598 1468 660 rugientes,
1511 598 1688 644 clerum

279 678 492 739 adjurare
515 688 654 740 atque
680 678 974 723 interminari
999 687 1243 741 coeperunt
1262 675 1393 738 quod
1410 710 1422 732 ,
1450 674 1537 719 nisi
1564 675 1689 720 illico

278 771 436 815 sacra,
465 771 493 802 a
523 755 695 818 quihus
725 771 905 801 cessare
938 755 1243 810 inchoarant,
1277 762 1617 799 reassumerent
1646 762 1692 798 et

277 842 640 893 exsequerentur
666 832 804 878 solito
826 847 982 889 more,
1022 848 1188 877 omnes
1210 848 1291 877 eos
1314 829 1492 893 absque
1515 828 1688 874 miseri-

278 908 440 954 cordia
458 909 765 972 perimerent,
792 925 1053 972 eorumque
1079 908 1250 954 domos
1273 917 1318 953 et
1340 906 1469 952 hona
1492 904 1692 951 rutheris

281 984 380 1047 (qui
403 995 516 1031 tunc
534 986 731 1032 accincti
751 986 893 1032 armis
906 995 950 1031 et
966 986 1117 1031 contis
1139 986 1232 1030 suis
1250 984 1447 1031 aderant
1465 982 1525 1029 ad
1546 982 1692 1029 caedes

277 1060 615 1124 perficiendas,
662 1061 816 1107 statim
854 1071 903 1106 ut
940 1062 1005 1107 eis
1027 1062 1353 1124 imperaretur,
1389 1058 1558 1123 parati)
1584 1058 1691 1104 diri-

276 1137 472 1200 piendas
494 1139 825 1184 contraderent
854 1154 909 1184 ac
929 1137 1177 1184 donarent.
1215 1140 1323 1194 Quo
1346 1137 1453 1199 (nec
1493 1134 1689 1197 mirum)

276 1216 483 1276 percussi
502 1224 546 1261 et
558 1215 763 1261 exterriti
786 1224 939 1272 metu,
961 1215 1041 1277 qui
1064 1224 1188 1260 certe
1205 1214 1374 1259 merito
1400 1213 1449 1258 in
1473 1222 1691 1258 constan-

277 1291 506 1337 tissimum
525 1293 667 1338 etiam
689 1293 844 1337 virum
866 1291 1034 1338 cadere
1063 1291 1288 1355 potuisset
1306 1325 1317 1347 ,
1339 1289 1553 1336 videntes
1570 1289 1689 1352 peri-

276 1368 435 1413 culum
472 1386 569 1414 non
615 1369 958 1416 comminatum
1006 1369 1054 1413 in
1096 1368 1331 1425 futurum,
1373 1367 1454 1413 sed
1492 1383 1691 1429 praesens

276 1444 463 1504 adesse,
497 1447 647 1493 coacti
683 1456 814 1503 sunt,
854 1445 1023 1492 talibus
1056 1446 1102 1490 vi
1136 1462 1190 1491 ae
1229 1454 1355 1491 metu
1389 1442 1686 1505 urgentibus,

275 1521 435 1570 divina
472 1524 734 1570 intermissa
765 1539 1051 1569 reassumere
1082 1540 1170 1586 pro
1203 1533 1438 1585 tempore3
1466 1538 1493 1567 a
1519 1521 1691 1583 quihus

274 1610 434 1647 tamen
459 1602 616 1666 plures
644 1618 692 1648 se
720 1601 1051 1660 absentarunt,
1080 1617 1164 1664 per
1193 1601 1310 1647 alios
1339 1600 1537 1646 minoris
1566 1616 1691 1645 reve-

277 1679 434 1724 rentiae
456 1678 821 1742 hujusce[modi]
847 1678 1003 1724 officia
1028 1677 1191 1742 perfici
1217 1678 1438 1723 sinentes.

340 1758 462 1802 Sane
496 1766 686 1819 postea,
724 1756 880 1801 furore
910 1766 1166 1819 utcumque
1210 1755 1472 1815 regentium
1508 1764 1702 1818 tempe-¹

277 1841 407 1892 rato,
442 1833 491 1877 in
525 1832 729 1877 ecclesiis
754 1831 882 1878 beati
916 1831 1103 1878 Martini
1134 1840 1179 1876 et
1201 1830 1328 1877 beati
1352 1829 1572 1889 Joannis,
1601 1829 1688 1876 sub

276 1909 477 1955 obtentu
522 1909 802 1972 injuriarum
848 1924 964 1970 quas
1008 1924 1036 1954 a
1075 1909 1168 1953 suis
1209 1907 1469 1971 praepositis
1513 1905 1690 1952 eisdem

276 1986 499 2032 dicebant
517 1986 731 2048 irrogari,
749 1986 807 2032 de
821 1985 1082 2049 apostolico
1107 1985 1358 2031 interdicto
1380 1985 1685 2043 conticentes,

276 2079 304 2109 a
326 2063 496 2108 divinis
520 2062 688 2109 officiis
710 2063 896 2127 penitus
922 2071 1153 2109 cessatum
1178 2071 1246 2108 est
1267 2063 1294 2107 ¹.
1333 2060 1475 2118 Quod
1501 2076 1599 2105 non
1626 2059 1688 2106 ita

278 2140 326 2184 in
350 2139 662 2184 conventibus
690 2142 905 2185 Fratrum
935 2138 1304 2184 Mendicantium
1333 2148 1378 2183 et
1413 2137 1513 2182 aliis
1540 2136 1688 2182 eccle-

277 2216 354 2262 siis
388 2216 584 2262 civitatis
621 2216 921 2262 observatum
955 2215 1066 2273 fuit,
1099 2215 1179 2262 sed
1215 2215 1262 2260 in
1296 2215 1359 2260 eis
1388 2214 1524 2260 solito
1555 2230 1687 2259 more

279 2292 464 2338 fuerunt
487 2292 647 2339 divina
670 2293 959 2338 continuata.

341 2372 592 2416 Tentarant
629 2379 674 2414 et
715 2369 1010 2430 magistratus
1052 2369 1249 2415 civitatis
1281 2369 1420 2414 etiam
1465 2368 1688 2415 inducere

330 2508 366 2544 1.
383 2505 594 2551 Matthaeus,
617 2505 709 2541 dans
729 2517 786 2541 ses
805 2503 1060 2550 annotations,
1080 2518 1101 2541 a
1122 2504 1248 2555 public
1266 2518 1316 2541 un
1332 2505 1489 2542 curieux
1509 2505 1689 2542 memoire

278 2571 299 2605 a
325 2568 531 2613 consulter,
556 2581 630 2617 que
656 2567 690 2604 le
709 2567 832 2617 clergc
853 2566 899 2603 de
929 2580 989 2603 ces
1009 2567 1110 2604 deux
1137 2568 1268 2617 eglises
1292 2569 1327 2604 [it
1350 2568 1497 2618 rediger
1521 2569 1630 2619 apres
1653 2568 1687 2605 la

279 2631 427 2668 rentree
447 2630 493 2667 de
514 2630 688 2679 l'echue
704 2659 713 2674 ,
736 2643 834 2680 pour
853 2630 978 2666 savoir
997 2630 1025 2666 si
1046 2630 1225 2667 l'interdit
1250 2630 1338 2667 erait
1358 2631 1470 2667 retire
1489 2632 1567 2679 ipso
1586 2632 1689 2680 facto
1710 2644 1712 2646 ·

280 2696 300 2730 ὲ
319 2707 430 2731 cause
449 2694 496 2729 de
515 2706 582 2729 son
604 2701 746 2730 remur.
