1875 2956
699 226 838 261 LIBER
868 225 1064 261 SEXTUS.
1530 227 1576 260 99

186 328 376 370 norum,
401 313 685 357 exstiterant.
711 313 764 357 Hi
787 328 894 357 cum
923 308 1176 372 quemdam
1196 308 1399 370 burgum
1426 312 1582 372 appel—

184 387 327 432 latum
344 390 622 444 Emz'ne.s·se¹,
648 388 755 432 satis
770 387 1014 450 locupletis
1027 401 1081 431 ac
1104 384 1312 430 bellicosi
1328 394 1373 429 et
1394 385 1581 448 superbi

184 463 343 525 populi
390 463 688 509 multitudine
728 462 975 519 refertum,
1008 461 1336 519 vastavissent,
1371 459 1583 523 diripuis-

183 549 282 584 sent
315 550 356 585 et
383 548 689 597 cremassent,
716 537 927 601 pluribus
956 538 1048 582 loci
1074 537 1245 583 accolis
1268 537 1339 583 vel
1364 537 1489 581 caesis
1512 537 1580 581 vel

183 619 345 680 captis,
374 619 433 664 ad
468 616 818 663 incendendum
850 616 1022 678 pariter
1050 624 1095 660 et
1126 613 1407 661 vastandum
1450 629 1584 675 quas-

183 693 291 739 dam
310 695 456 750 villas,
474 695 581 739 sitas
605 693 663 738 ad
680 709 828 737 unum
846 692 1041 738 milliare
1061 692 1133 737 vel
1159 691 1256 736 duo
1274 690 1332 736 de
1350 691 1578 752 Trajecto‚

186 770 229 814 in
264 771 350 816 illis
390 769 671 833 palustribus
703 769 817 814 locis
853 785 877 814 e
912 768 1084 831 quibus
1116 768 1176 814 ad
1208 766 1584 814 comburendum

183 858 227 893 et
252 848 380 894 focos
409 846 822 912 componendum²
846 847 996 909 patria
1028 846 1104 892 illa
1131 847 1196 891 uti
1221 846 1336 891 solet
1357 846 1432 907 [eo
1457 845 1586 907 quod

185 925 274 969 illic
292 941 445 987 neque
461 925 617 987 sylvae,
642 939 794 985 neque
810 922 1002 968 arbores
1019 922 1078 968 ad
1099 922 1439 968 combustionis
1457 939 1582 979 usus,

184 1003 269 1047 nisi
284 1019 397 1048 rarae
420 1001 700 1055 admodum,
733 1001 1068 1059 inveniantuifi,
1099 1001 1184 1045 iter
1201 1000 1486 1046 direxerunt.

254 1077 338 1122 [bi
366 1077 581 1123 incendia
605 1086 648 1122 et
675 1076 852 1139 praedas
875 1091 983 1120 cum
1018 1085 1231 1136 agerent,
1260 1075 1460 1121 flammis
1484 1090 1586 1120 ma-

186 1154 477 1200 nifestissime
503 1154 548 1198 in
580 1153 789 1214 Trajecto
817 1150 1157 1196 collucentibus
1193 1161 1332 1213 atque
1361 1167 1589 1214 apparen-

184 1231 335 1290 tibus,
370 1232 523 1276 statim
553 1241 648 1276 tam
680 1229 856 1274 ruthcri
884 1245 1026 1290 quam
1060 1244 1230 1291 magna
1262 1228 1433 1272 civium
1468 1228 1588 1272 mul-

184 1310 333 1354 titudo
354 1347 364 1356 .
418 1325 565 1370 usque
609 1307 667 1352 ad
715 1323 964 1351 numerum
982 1343 993 1363 ,
1042 1317 1092 1351 ut
1137 1305 1392 1364 ferebatur,
1440 1320 1588 1368 prope

183 1386 390 1447 quinque
414 1384 613 1429 millium
635 1383 882 1428 hominum
897 1419 907 1439 ,
932 1383 1124 1427 confuse
1146 1391 1191 1426 et
1224 1381 1400 1444 absque
1425 1381 1589 1427 ordine

183 1461 329 1523 portis
361 1461 454 1505 suis
487 1468 767 1521 eruperunt,
802 1467 941 1520 atque
977 1458 1037 1503 ad
1058 1458 1185 1518 loca,
1214 1459 1261 1503 in
1295 1457 1467 1521 quibus
1492 1475 1588 1503 esse

182 1536 339 1582 hostes
358 1534 646 1592 sentiebant,
674 1544 980 1598 properanter
1004 1543 1361 1580 concurrerunt.
1384 1534 1449 1579 Ad
1471 1551 1590 1597 quos

184 1629 291 1658 cum
333 1612 528 1675 propius
568 1612 888 1671 accessissent,
928 1621 972 1657 et
1013 1628 1093 1657 eos
1134 1611 1291 1673 fugam
1338 1620 1584 1673 capturos,

184 1689 585 1751 quemadmodum
615 1689 727 1734 alias
749 1705 896 1753 prope
923 1688 1098 1733 flumen
1124 1688 1305 1747 Leckae,
1331 1688 1461 1749 juxta
1482 1686 1588 1732 bas-

184 1765 328 1810 liliam
373 1764 605 1823 fecerant,
650 1764 1014 1823 arbitrarentur,
1056 1763 1231 1826 experti
1269 1773 1376 1808 sunt
1413 1763 1588 1808 damno

184 1857 268 1885 suo
295 1857 342 1885 se
375 1857 482 1885 cum
508 1841 697 1886 armatis
726 1841 836 1885 viris
867 1840 1108 1901 negotium
1130 1838 1321 1884 habere.
1359 1839 1450 1894 Qui
1480 1855 1586 1884 cuin

183 1933 264 1961 eos
299 1917 510 1962 alacriter
537 1917 825 1979 acciperent,
861 1926 906 1962 et
936 1917 983 1961 in
1010 1933 1090 1961 eos
1118 1917 1380 1978 composito
1405 1917 1589 1976 agminc

186 1993 433 2049 irruerent,
469 1994 594 2039 illico
624 1994 709 2056 ipsi
739 1994 1051 2055 Trajectenses
1086 2002 1212 2054 terga
1241 1992 1523 2038 dederunt3.
1554 1995 1588 2037 E

185 2071 377 2133 quibus,
408 2082 508 2117 tam
536 2072 593 2117 de
618 2072 828 2131 civitate,
858 2088 998 2134 quam
1026 2070 1308 2116 suburbanis
1343 2080 1388 2115 et
1425 2070 1589 2115 vicinis

186 2148 324 2208 xillis,
346 2149 575 2212 perempti
597 2159 705 2194 sunt
729 2148 911 2194 circiter
933 2147 1059 2193 mille
1079 2156 1124 2193 et
1143 2147 1409 2209 qui11genti3
1437 2147 1589 2209 plures

189 2323 448 2375 bourguignon
481 2333 516 2361 et
536 2324 657 2361 obtint
687 2324 734 2361 de
758 2324 909 2362 Cliarles
937 2325 971 2361 le
994 2325 1206 2361 Tcmeraire
1234 2323 1272 2369 je
1296 2336 1344 2360 ne
1367 2323 1439 2360 sais
1466 2322 1590 2372 quelle

188 2386 393 2436 seigneurie
421 2387 466 2423 de
492 2387 769 2425 Saint-Marlin.
801 2388 859 2423 On
886 2386 1075 2437 l'appelait
1105 2386 1140 2421 le
1159 2386 1254 2422 Petit
1274 2385 1422 2423 Salazar
1442 2397 1536 2434 pour
1556 2383 1590 2418 le

189 2447 390 2497 distinguer
418 2448 464 2484 de
496 2452 587 2484 Jean
625 2448 672 2484 de
704 2449 866 2492 Salazar,
901 2446 1190 2497 probablenicnt
1228 2460 1293 2483 son
1333 2454 1488 2495 parent,
1527 2445 1588 2493 qui

190 2509 297 2544 servii
319 2510 410 2545 dans
429 2510 481 2546 les
498 2512 642 2547 arinces
664 2511 865 2559 franc-aises
884 2523 970 2547 sous
988 2509 1140 2547 Charles
1155 2512 1222 2545 VII
1238 2518 1271 2545 et
1293 2522 1379 2544 sous
1397 2506 1504 2543 Louis
1519 2508 1586 2543 xl.

243 2572 276 2607 1.
311 2572 515 2609 Emeresse.

240 2633 277 2666 2.
309 2631 544 2669 C'est-a-dire
564 2634 616 2668 les
638 2633 858 2670 tourbieres.

247 2695 282 2728 23.
317 2696 343 2727 Α
368 2694 621 2730 Westbroeck.
