1875 2956
742 221 882 255 LIBER
918 219 1115 256 SEXTUS.
1581 225 1627 255 ’.Π

235 303 449 349 muliebri
475 306 645 350 amictu
667 305 890 367 fingentes
916 305 1107 366 quidam
1127 321 1180 349 ex
1204 304 1313 367 ipsis
1339 306 1538 352 rutheris
1563 325 1627 366 se,

235 383 300 427 uti
325 383 522 429 foeminae
543 385 768 442 assolent,
796 384 854 429 ad
875 383 1103 446 oppidum
1130 399 1183 428 ex
1208 383 1371 428 vicinis
1395 384 1514 445 agris
1544 401 1632 431 ova

233 469 278 505 et
299 460 530 508 lacticinia
552 461 788 519 invehere,
831 470 1013 522 portam
1039 459 1201 523 oppidi
1240 470 1540 523 occupantes,
1585 463 1630 506 in

233 537 462 600 oppidum
498 539 785 601 irruperunt,
823 536 1041 598 caesisque
1081 537 1319 582 nonnullis
1363 554 1418 607 eii
1454 537 1632 584 civibus

230 612 368 658 etiam
411 615 532 660 intra
570 613 807 659 basilicam
845 612 1054 674 ejusdem
1092 613 1283 675 oppidi,
1330 614 1482 677 ipsum
1520 615 1631 659 diri-

230 699 447 750 puerunt.
466 689 556 735 Sed
575 706 682 735 cum
703 688 926 734 sentirent
941 688 1364 735 Amsterdamenses
1385 690 1629 736 confestim

229 767 409 827 magnis
441 783 548 812 cum
573 774 859 811 armatorum
885 765 1031 828 copiis
1058 765 1241 827 navigio
1261 765 1535 826 adventare,
1562 784 1631 813 re-

227 840 337 886 licto
361 842 537 905 oppido
579 841 717 887 bonis
755 841 977 904 spoliato,
1005 858 1114 887 cum
1146 842 1318 905 praeda,
1359 844 1546 905 qualem
1569 843 1629 889 ad

228 932 421 962 manum
446 915 797 981 apprehendere
827 927 1090 980 potuerant,
1115 913 1420 980 pluribusque
1445 935 1497 964 ex
1522 919 1628 964 civi-

226 992 315 1038 bus
354 993 567 1040 abductis
611 994 820 1058 captivis,
860 994 1119 1056 Trajectuni
1159 995 1309 1039 statim
1341 1005 1622 1041 remearunt.

228 1072 320 1115 Nec
361 1079 514 1117 tamen
542 1088 622 1116 eos
656 1071 935 1132 omniaque,
985 1088 1085 1133 quae
1118 1081 1419 1134 acceperant,
1448 1071 1627 1118 deferre
1677 1133 1681 1139 ἱ

225 1156 504 1209 potuerunt,
532 1147 612 1193 sed
640 1148 840 1210 plurima
861 1164 943 1210 per
982 1163 1117 1209 agros
1156 1157 1202 1192 et
1241 1148 1405 1194 itinera
1430 1149 1626 1211 sparsim

225 1223 432 1285 projecta
455 1223 744 1282 effuderunt3
770 1241 879 1270 nam
905 1224 1015 1269 dicti
1044 1223 1482 1283 Amsterdamenses,
1517 1242 1624 1270 cum

224 1299 323 1344 aliis
344 1301 507 1346 vicinis
535 1316 589 1345 ex
620 1300 869 1345 Hollandia
887 1336 898 1358 ,
923 1317 1003 1346 eos
1026 1317 1133 1346 cuin
1158 1317 1329 1362 magno
1372 1301 1621 1348 ulciscendi

223 1375 454 1421 desiderio
472 1376 855 1438 insequebantur.

286 1456 341 1497 Et
362 1453 459 1498 haec
487 1469 558 1498 res
581 1453 828 1499 adversum
852 1454 1164 1515 Trajeetenses
1192 1455 1239 1499 in
1276 1454 1439 1500 odium
1465 1465 1510 1501 et
1540 1457 1624 1501 ini—

221 1528 416 1575 micitias
440 1531 638 1591 graviter
660 1540 805 1576 totam
832 1529 1130 1576 Hollandiam
1163 1532 1429 1577 concitavit.
1458 1533 1617 1591 Unde,

221 1621 318 1650 non
346 1605 492 1651 multo
512 1616 642 1669 post,
671 1607 806 1652 exciti
830 1607 888 1653 ad
906 1607 1179 1667 vindictam,
1203 1609 1399 1654 collecto
1418 1610 1620 1656 exercitu

218 1698 273 1727 ex
299 1683 484 1745 oppidis
516 1684 608 1729 suis
632 1683 926 1730 Hollandrini
949 1694 1201 1744 venerunt,
1233 1685 1428 1730 ductore
1455 1703 1618 1732 eorum

219 1758 339 1803 vices
361 1760 582 1822 principis
617 1771 827 1821 gerente,
865 1760 1177 1823 gubernatore
1217 1762 1500 1823 Hollandiae,
1527 1764 1618 1809 do·

219 1834 348 1878 mino
372 1835 552 1881 Judoco
581 1835 639 1881 de
659 1837 880 1900 chlaing,
910 1838 1276 1897 Hannoniensi¹,
1304 1838 1363 1884 ab
1397 1839 1618 1886 obsiden-

218 1910 332 1956 dum
359 1912 612 1973 quamdam
636 1914 801 1958 turrim
841 1930 921 1959 seu
950 1913 1222 1973 bastiliam²,
1265 1930 1407 1976 quam
1440 1917 1618 1979 Trajec-

217 1996 367 2034 tenses
387 1989 434 2033 in
460 1988 584 2048 loco,
600 1989 725 2035 unde
740 1990 920 2036 canale3
943 1990 1070 2052 quod
1099 1990 1358 2052 Trajectum
1394 1993 1613 2055 perfluitss

270 2089 306 2124 1.
338 2091 469 2124 Joosse
488 2087 534 2124 de
552 2088 681 2124 Lalain
699 2117 707 2134 ‚
731 2089 904 2139 seigneur
926 2090 971 2126 de
992 2090 1202 2141 Montigny,
1224 2091 1302 2128 l'un
1324 2091 1388 2129 <les
1408 2092 1545 2130 bai-ons
1567 2095 1615 2131 dn

216 2148 402 2195 Hainaut‚
445 2163 685 2200 gouverneur
720 2164 768 2187 ou
809 2151 1028 2189 stathouder
1065 2153 1111 2189 de
1146 2153 1355 2199 Hollande,
1385 2156 1547 2192 Zelande
1582 2166 1616 2192 et

215 2210 336 2256 Frise,
354 2225 451 2261 pour
472 2211 716 2249 Maximilien.

269 2273 306 2310 ⁶2.
338 2275 387 2310 Ce
409 2274 483 2311 lieu
504 2283 557 2311 est
579 2275 710 2324 appele
732 2277 867 2311 Waert
884 2275 976 2311 dans
1005 2276 1039 2312 le
1066 2276 1164 2313 titre.
1196 2277 1391 2315 Matthaeus
1418 2292 1440 2315 a
1471 2280 1615 2329 corrige

217 2336 440 2383 Vrees‹1yck;
463 2336 554 2372 mais
573 2336 597 2372 il
617 2349 638 2372 a
657 2336 766 2372 laisse'
785 2335 964 2373 subsister
990 2340 1123 2375 Waert
1154 2337 1245 2375 dans
1265 2339 1300 2375 le
1321 2348 1421 2376 texte
1448 2339 1498 2376 du
1526 2340 1612 2376 cha-

216 2395 309 2442 pitre
329 2397 490 2433 suivant.
519 2411 536 2433 α
548 2400 601 2433 Le
616 2399 721 2433 XVer:
746 2413 781 2443 ³),
805 2397 858 2434 dit
878 2398 1032 2434 Molinet
1055 2416 1071 2432 ι(
1087 2413 1138 2436 un
1158 2413 1244 2450 gros
1264 2400 1475 2450 sauxbourg
1495 2409 1614 2437 estant

216 2455 352 2493 devant
379 2458 414 2495 la
435 2459 543 2504 ville,
578 2459 728 2495 sortisti&
753 2461 773 2495 ἐι
797 2460 832 2496 la
862 2460 973 2496 mode
1001 2460 1278 2512 d'Allemagne,
1311 2464 1359 2498 ou
1381 2462 1404 2497 il
1424 2476 1448 2510 y
1474 2471 1534 2499 eut
1564 2463 1610 2498 ri-

216 2517 316 2553 vic-re
348 2528 383 2555 et
412 2529 505 2569 pont
530 2521 575 2557 de
599 2520 765 2557 deffense
793 2521 865 2557 fort
886 2523 906 2557 ii
928 2522 1158 2568 merveilles,
1182 2523 1301 2571 etqui
1324 2521 1496 2559 sembloit
1517 2533 1613 2560 esu-e

215 2578 319 2626 quasi
339 2579 583 2629 imprenable.
606 2598 622 2614 υ
649 2585 690 2621 Τ.
714 2584 770 2626 II,
796 2582 906 2632 chap.
930 2596 1033 2619 xcvi.

269 2641 303 2673 33.
336 2641 591 2688 Leckendyck.

268 2702 303 2735 4.
336 2702 503 2745 Pra‘s't'm't
520 2701 610 2737 <lans
631 2702 664 2737 le
686 2715 752 2738 ms.
778 2703 972 2738 Matthaeus
992 2709 1208 2750 pertransis.
