1875 2956
704 244 845 278 LIBER
874 242 1138 279 SECUNDUS.
1552 240 1626 273 :575

229 328 391 389 longas
433 328 710 374 dilationum
751 331 912 376 talium
953 348 1107 377 moras
1150 339 1310 376 manet
1338 344 1520 390 semper
1556 346 1629 374 ec-

230 406 365 450 clesia
400 423 484 451 suo
515 407 618 468 jure
653 408 871 470 spoliata,
905 426 958 455 ac
995 408 1189 472 perinde
1226 424 1308 466 eo,
1352 415 1458 469 post
1500 405 1627 467 longi

230 484 451 544 temporis
491 485 689 546 spatium
726 485 930 547 privata,
970 502 1023 531 ac
1049 486 1085 530 si
1109 494 1273 530 contra
1295 499 1342 528 56
1367 481 1628 545 judicatum

229 558 576 622 diffinitumque
612 562 783 607 suisset.

294 638 385 681 Has
414 638 676 698 angustias,
712 638 795 682 has
819 639 1105 694 calumnias,
1134 638 1222 683 hos
1257 636 1393 682 dolos
1417 636 1630 699 praelatos

227 713 525 759 ecclesiarum
562 714 608 758 in
640 715 883 776 provincia
919 715 1218 760 Normanniae
1242 713 1472 772 dietenus,
1509 713 1627 776 proh

227 789 365 835 dolor
387 789 396 833 l
422 790 601 853 perpeti
624 800 668 835 et
690 800 855 836 contra
886 807 1078 836 omnem
1097 791 1213 853 juris
1238 791 1502 836 communis
1534 791 1629 836 dis-

227 866 536 928 positionem,
564 875 729 911 contra
766 868 958 930 scriptas
988 868 1146 931 patriar¹
1174 868 1559 927 consuetudines,
1586 877 1631 913 et

226 942 504 987 inveteratos
544 952 683 1004 atque
717 945 928 990 notorios
975 962 1083 989 usus
1127 946 1415 991 anteriorum
1453 954 1628 1008 tempo-

223 1035 351 1078 rum,
381 1020 511 1065 omni
529 1020 643 1080 juris
675 1021 847 1067 auxilio
877 1021 1122 1067 destitutos
1140 1057 1153 1078 ‚
1183 1023 1410 1068 sustinere
1444 1038 1630 1067 necesse

223 1104 307 1141 est.
347 1096 488 1152 Quod
520 1097 755 1160 profecto,
787 1099 823 1143 si
848 1099 961 1144 tales
986 1100 1077 1144 sint
1111 1098 1304 1160 quibus,
1333 1099 1398 1144 uti
1425 1114 1509 1162 par
1533 1115 1630 1144 esse

224 1170 440 1229 deberet,
482 1190 554 1218 res
592 1174 909 1220 ecclesiastieae
950 1185 996 1220 et
1030 1185 1375 1221 sacramentum
1415 1174 1545 1236 quod
1581 1175 1627 1220 in

224 1265 305 1294 sua
330 1260 549 1312 praestant
573 1252 874 1313 promotione
918 1253 975 1298 de
1016 1252 1193 1298 tuendo
1239 1262 1283 1297 et
1328 1251 1629 1297 defendendo

223 1342 412 1372 suarum
452 1328 750 1373 ecclesiarum
789 1330 918 1391 jura,
968 1340 1108 1392 atque
1145 1330 1289 1375 decor
1329 1329 1498 1374 domus
1543 1329 1629 1374 Dei

222 1417 342 1447 curae
379 1404 491 1461 sint,
530 1414 713 1450 tautum
748 1406 812 1451 eis
850 1407 1091 1452 anxietatis
1124 1417 1169 1451 et
1203 1406 1429 1451 moestitiae
1462 1405 1631 1466 ingerit

224 1487 301 1537 ut,
332 1480 419 1525 nisi
446 1480 607 1526 divino
631 1498 824 1527 munere
849 1484 1211 1545 patientissimus
1236 1482 1401 1542 aliquis
1424 1482 1625 1539 exsistat,

223 1563 374 1601 tantas
408 1557 599 1618 injurias
633 1568 771 1619 atque
807 1559 1047 1604 molestias
1080 1568 1126 1603 et
1155 1558 1514 1620 inquietissimas
1535 1567 1630 1602 tur-

220 1631 434 1679 bationes
456 1634 535 1681 diu
561 1635 679 1680 ferre
704 1652 801 1680 non
828 1637 988 1699 possit.
1016 1638 1051 1680 V
1059 1636 1102 1680 ix
1123 1636 1250 1681 enim
1276 1635 1458 1696 aliquis,
1483 1651 1630 1697 quan-

221 1712 391 1755 tumvis
435 1712 844 1774 contemplationis
898 1723 1080 1758 amator
1132 1723 1178 1757 et
1227 1711 1450 1757 doctrinae
1497 1712 1628 1758 verbi

221 1788 304 1831 Dei
340 1803 395 1832 ac
432 1787 581 1849 plebis
626 1788 813 1833 salutari
857 1788 1151 1834 instructioni
1189 1788 1464 1834 incumbere
1503 1789 1628 1835 solli-

220 1864 336 1908 citus
371 1873 416 1908 et
450 1863 736 1923 desiderans,
769 1864 863 1910 hoc
899 1866 1149 1927 tranquille
1184 1881 1399 1912 exercere
1435 1867 1627 1928 permit-

221 1940 347 1998 titur,
387 1940 500 2002 quin
538 1941 691 1985 statim
729 1941 926 1987 stimulis
960 1942 1299 2003 insurgentium
1337 1941 1424 1987 sibi
1462 1942 1625 1988 talium

221 2023 370 2068 litium
408 2033 451 2068 et
492 2024 873 2085 quotidianarum
912 2024 1240 2085 querelarum,
1274 2040 1301 2069 a
1338 2041 1422 2070 suo
1464 2035 1626 2070 sancto

223 2100 465 2161 proposito
494 2100 565 2145 vel
590 2100 816 2145 alienetur
837 2100 911 2145 vel
936 2099 1225 2146 deturbetur.
1257 2100 1409 2159 Unde,
1434 2110 1628 2163 propter

220 2175 546 2237 hujuscemodi
583 2176 870 2238 effugiendas
908 2177 1255 2223 molestissimas
1289 2193 1423 2223 curas
1450 2188 1495 2223 et
1525 2195 1628 2241 per-

222 2251 534 2312 turbationes,
570 2253 773 2300 vidimus
810 2264 941 2300 aetate
969 2264 1128 2301 nostra
1158 2254 1448 2301 venerabiles
1472 2266 1626 2319 patres

221 2331 491 2389 Hugonem,
537 2330 944 2394 archiepiscopum
995 2331 1446 2392 Rothomagensem,
1503 2335 1624 2377 Mar*

221 2405 376 2450 tialem
414 2406 771 2467 Ebroicensem,
814 2407 1120 2453 Philibertum
1170 2409 1620 2465 Constantiensem¹,

278 2591 310 2626 l.
345 2591 498 2636 Hugues
526 2589 705 2640 ‹Pol-ges,
736 2591 974 2640 archeve⁴‹11:e
1002 2591 1048 2627 dc
1076 2594 1235 2635 Rouen3
1260 2590 1405 2627 Martial
1436 2591 1623 2638 Fomnier,

221 2655 366 2701 eveque
386 2646 576 2689 d'FLvreux
591 2682 598 2696 ‚
623 2663 659 2690 et
686 2654 866 2691 Philibert
887 2655 933 2691 de
953 2655 1120 2702 Montjeu
1137 2687 1145 2702 ‚
1168 2657 1313 2704 cchue
1333 2655 1379 2691 sle
1398 2656 1621 2700 Comances,

221 2717 551 2754 dcmissionnaires
563 2731 609 2755 en
626 2720 727 2755 1436
744 2727 779 2755 et
799 2722 915 2757 1439.
930 2722 999 2757 Ces
1014 2720 1205 2770 exemples
1219 2721 1299 2756 sont
1316 2720 1400 2756 voir
1414 2732 1488 2769 que
1504 2719 1622 2756 l'abus
