1875 2956
297 245 371 279 304
867 239 1110 274 APOLOGIA
1122 267 1130 276 ,

295 330 555 376 custodiam
579 328 868 392 praefecerat.¹
895 327 973 371 illo
1002 336 1113 370 tunc
1135 341 1242 369 cum
1265 341 1539 386 germanum
1561 340 1697 369 suum

296 408 542 472 expulisset
569 404 871 450 Normannia.
910 405 961 447 In
988 412 1169 448 tantum
1201 401 1338 461 igitur
1367 403 1464 464 ipse
1488 401 1698 448 elationis

296 495 339 530 et
365 483 637 544 arrogantizc
668 491 854 526 evectus
878 490 942 525 est
968 489 1225 534 tumorem,
1254 487 1304 521 ut
1326 477 1502 523 dictum
1522 479 1699 524 fatuum

299 562 486 607 fratrem
513 576 647 605 suum
677 557 737 603 ad
761 556 1005 602 ecclesiam
1031 564 1239 600 nostram
1261 553 1410 598 facere
1433 553 1700 616 promoveri

299 639 404 682 totis
437 636 616 681 xiribus
645 643 912 689 conaretur,
954 633 1107 695 ipsum
1131 631 1271 676 etiam
1304 629 1365 676 ad
1399 629 1491 675 hoc
1527 630 1700 676 ididem

297 714 487 776 praefato
522 729 606 757 suo
653 712 798 775 impio
840 710 1051 772 genitore
1097 709 1398 754 vehementer
1442 707 1702 754 stimulante

298 800 436 851 atque
461 789 751 851 impellente,
791 789 871 850 qui
899 806 988 833 sua*
1021 803 1104 850 per
1126 784 1452 847 hujuscemodi
1478 785 1602 830 viam
1632 795 1703 831 ut-

298 881 500 927 cumque
520 865 779 910 satisfacere
800 864 1041 928 cupiditati
1069 861 1320 923 satagebat.
1357 860 1573 907 Praesatus
1594 877 1703 906 vero

299 942 396 1003 ejus
426 941 574 998 filius,
605 941 757 1001 regius
790 941 996 997 satelles,
1031 949 1210 985 tantam
1232 938 1360 1002 apud
1383 928 1570 999 regem,
1599 953 1704 982 cum

300 1019 396 1081 ipse
419 1029 577 1064 tamen
599 1034 696 1063 non
719 1017 846 1062 aliud
867 1033 1011 1080 quam
1032 1016 1428 1080 petulantissimus
1449 1023 1587 1076 atque
1609 1023 1705 1058 tur-

300 1097 541 1159 pissimus,
568 1095 780 1141 ebriosus
805 1105 851 1140 et
875 1111 1034 1140 scurra
1058 1104 1202 1153 esset,
1230 1093 1425 1154 gratiam
1448 1092 1702 1148 invenerat,

300 1184 351 1220 ut
376 1175 472 1237 ipse
496 1191 575 1219 rex
610 1173 870 1235 quidquam
902 1171 1046 1218 ferme
1067 1209 1078 1231 ,
1110 1170 1240 1234 quod
1284 1170 1344 1216 ab
1382 1186 1438 1215 eo
1472 1178 1703 1232 posceret,

301 1269 470 1313 negare
496 1252 691 1297 minime
721 1268 857 1314 posse
887 1267 914 1296 a
937 1251 1095 1296 multis
1126 1260 1382 1314 putaretur,
1410 1249 1472 1295 ita
1498 1247 1706 1311 profecto

306 1339 355 1374 ut
386 1328 610 1375 maleficis
648 1338 692 1373 et
721 1327 954 1374 damnatis
982 1327 1161 1374 artibus
1189 1327 1253 1372 sic
1276 1343 1432 1389 regem
1466 1326 1708 1371 fascinasse

300 1416 344 1450 et
369 1406 417 1450 in
441 1415 720 1469 potestatem
743 1405 976 1468 accepisse
1012 1404 1312 1467 quamplures
1339 1420 1447 1448 euin
1481 1403 1710 1448 existima-

302 1492 422 1527 rent.
457 1485 653 1544 Propter
692 1498 822 1543 quae,
857 1481 1034 1526 nedum
1062 1480 1121 1526 al)
1147 1479 1479 1525 humilioribus
1520 1489 1565 1523 et
1600 1477 1710 1523 infe-

302 1559 480 1603 riorum
504 1557 726 1602 ordinum
750 1558 933 1615 aulicis,
973 1558 1053 1601 sed
1079 1557 1219 1602 etiam
1250 1572 1276 1601 a
1299 1555 1675 1617 quibuscumque
1694 1590 1705 1611 ,

303 1635 483 1695 magnis
519 1635 660 1679 etiam
694 1632 984 1696 principibus
1025 1642 1069 1677 et
1108 1632 1342 1689 dominis,
1382 1631 1630 1677 verebatur
1666 1640 1710 1676 et

303 1711 660 1773 quodammodo
690 1710 1050 1756 formidabatur.

368 1789 511 1850 Igitur
532 1798 582 1833 ut
614 1804 640 1833 a
665 1805 712 1833 se
741 1789 1004 1850 concupitis
1030 1787 1201 1832 nefarie
1225 1788 1364 1850 potiri
1388 1796 1568 1848 posset,
1598 1785 1711 1846 regi·

305 1882 413 1910 men
451 1875 682 1910 terrarum
725 1864 928 1909 ecclesiae
974 1873 1157 1920 nostrae,
1205 1864 1254 1907 in
1294 1861 1465 1925 quihus
1508 1861 1711 1907 universi

307 1957 436 2003 paene
468 1941 610 2004 ipsius
647 1940 907 1985 consistunt
931 1949 1184 2003 proventus
1200 1976 1211 1998 ,
1238 1956 1265 1984 a
1291 1955 1396 2000 rege
1419 1938 1548 1983 dono
1575 1953 1713 1983 acce-

307 2018 394 2079 pit,
436 2033 634 2079 quarum
673 2017 846 2062 fructus
883 2025 927 2061 et
965 2016 1138 2061 reditus
1181 2016 1273 2061 suis
1323 2014 1507 2061 nefariis
1554 2012 1713 2058 usibus

307 2095 568 2157 applicans,
596 2094 787 2140 eosdem
811 2093 870 2138 ad
904 2109 990 2138 nos
1015 2093 1122 2137 totis
1156 2091 1332 2137 viribus
1365 2089 1713 2153 impugnandos

308 2170 642 2233 expendehaff.
674 2173 727 2214 Et
751 2186 877 2228 cum,
902 2169 949 2213 in
972 2168 1156 2214 civitate
1182 2178 1341 2213 nostra
1363 2167 1611 2222 exsistens,
1644 2166 1713 2210 in-

308 2246 553 2291 tellexisset
579 2264 682 2304 nos,
708 2255 898 2308 accepta
921 2261 948 2291 a
972 2261 1077 2305 rege
1111 2245 1196 2305 (uti
1219 2243 1480 2304 retulimus)
1506 2243 1709 2297 licentia,

309 2321 440 2367 brevi
474 2322 534 2367 ad
567 2323 742 2382 regiam
770 2322 947 2366 curiam
977 2321 1074 2365 sore
1105 2336 1158 2364 ex
1188 2320 1428 2364 Catalonia
1462 2318 1709 2375 redituros,

312 2401 481 2446 veritus
508 2417 565 2444 nc
591 2399 833 2461 praesentia
867 2407 1023 2442 nostra
1047 2412 1154 2441 suos
1176 2412 1346 2458 pravos
1372 2406 1617 2442 evacuaret
1635 2411 1715 2441 co-

315 2486 450 2522 natus
474 2486 612 2537 atque
634 2475 903 2533 molimina,
932 2473 1056 2517 illico
1076 2489 1279 2536 propero
1300 2483 1345 2518 et
1369 2473 1556 2518 concito
1576 2488 1714 2517 cursu

372 2654 404 2687 1.
437 2650 527 2686 Voir
546 2649 599 2686 les
618 2649 742 2699 picces
761 2648 812 2685 du
830 2652 894 2686 ΙΨ
914 2648 1081 2687 volume.

366 2715 405 2749 9..
436 2712 525 2748 Voir
542 2712 595 2749 les
612 2711 735 2760 pii-ces
755 2711 1011 2757 justificatives
1031 2712 1050 2746 a
1072 2710 1146 2746 l'an
1172 2711 1290 2746 1469.
