1875 2956
281 246 354 281 324
842 246 1087 282 APOLOGIA
1101 274 1110 286 ,

279 333 380 378 vita*
404 334 578 378 exitum
604 333 747 377 secit¹.
779 335 864 377 Pro
889 332 1060 394 quibus
1083 343 1240 379 tamen
1266 337 1485 382 omuibus
1509 338 1676 383 nostris

275 409 651 472 persecutoribus
687 409 919 472 supplices
955 409 1163 455 divinam
1200 426 1444 457 exoramus
1479 415 1677 460 elemen-

273 488 386 533 tiam
414 498 643 549 quatenus
665 503 745 532 eos
768 503 823 531 ex
849 487 975 549 ipsis,
1006 488 1084 549 qui
1110 487 1265 532 adhuc
1291 491 1553 551 superstites
1578 508 1675 536 ma-

277 575 403 620 nent,
438 564 497 609 ad
530 580 687 609 veram
711 564 1036 626 poenitentiam
1067 580 1168 626 quae
1199 565 1536 626 indulgentiam
1570 585 1678 631 pro-

274 641 439 686 mereri
473 640 623 686 valeat
645 641 924 687 delictorum
947 640 1199 695 adducere,
1227 641 1298 686 his
1326 658 1453 699 vero,
1483 645 1562 705 qui
1579 645 1675 706 jam

272 733 327 760 ex
346 716 438 761 hoc
463 717 631 761 saeculo
652 717 710 762 de
735 717 844 779 ipsis
860 717 1157 773 transierunt,
1184 717 1416 780 propitius
1438 727 1483 763 et
1505 719 1680 766 miseri-

272 809 376 837 cors
401 793 615 838 exsistere
637 794 868 855 dignetur.
898 794 1019 839 Licet
1044 794 1170 839 enim
1194 811 1281 857 pro
1301 795 1503 858 suscepti
1527 797 1678 859 operis

270 869 606 933 adimpletione
632 888 797 916 eorum
821 872 962 935 impie
993 872 1038 916 in
1065 888 1152 916 nos
1178 871 1379 917 admissa
1402 872 1570 918 referre
1599 891 1674 919 ne·

270 961 395 991 cesse
425 947 699 1005 habeamus,
740 948 844 1010 plus
878 957 1036 993 tamen
1069 948 1128 993 de
1162 964 1328 994 eorum
1364 948 1678 1012 impietatibus

269 1023 627 1085 animarumque
648 1024 883 1087 periculis,
912 1040 1056 1086 quam
1079 1041 1166 1087 pro
1193 1025 1377 1071 damnis
1402 1034 1541 1087 atque
1564 1025 1679 1087 inju-

268 1100 362 1157 riis,
389 1116 505 1162 quas
532 1102 617 1165 ipsi
644 1101 784 1147 nobis
808 1100 1082 1158 intulerunt,
1106 1101 1344 1147 tristamur
1371 1111 1416 1146 et
1439 1101 1673 1159 dolemus;

269 1194 354 1223 nec
374 1195 461 1241 pro
481 1179 562 1233 eis,
584 1179 692 1224 licet
709 1177 848 1224 nobis
867 1178 1198 1224 inimicissimis
1222 1178 1321 1223 sine
1342 1194 1503 1235 causa,
1527 1180 1678 1225 Deum

265 1254 531 1317 deprecari,
554 1256 686 1317 juxta
710 1256 1027 1318 evangelicam
1050 1254 1301 1302 Salvatoris
1325 1256 1472 1302 nostri
1502 1254 1676 1301 doctri·

267 1348 396 1387 nam,
423 1343 564 1395 atque
584 1348 719 1379 orare
740 1333 1001 1379 omisimus.

703 1519 1045 1564 CAPITULUM
1092 1520 1232 1562 XXII.

267 1645 458 1687 Quomodo
477 1644 651 1690 praedictis
668 1646 777 1678 causis
795 1654 825 1678 et
843 1646 1017 1679 violentiis
1043 1646 1213 1691 prohibiti
1236 1658 1354 1679 sumus
1379 1646 1554 1679 ecclesiam
1579 1660 1677 1691 repe·

314 1710 385 1734 tere
397 1727 406 1742 ,
428 1709 461 1733 et
477 1699 574 1744 qnod
592 1699 635 1733 de
652 1701 806 1734 absentia
823 1709 943 1736 nostra
962 1703 1005 1735 ab
1023 1701 1144 1735 cadem
1169 1702 1336 1735 fuerimus
1358 1714 1543 1747 sumusque
1563 1704 1677 1736 ratio-

314 1757 476 1791 nabiliter
495 1757 660 1790 excusati.

336 1879 424 1920 Pro
444 1874 717 1937 hujusmodi
741 1874 878 1935 igitur
899 1873 1066 1929 causis,
1092 1872 1313 1918 violentia
1335 1871 1548 1935 dolisque
1569 1890 1677 1937 pra—

268 1969 437 1998 vorum
484 1962 529 1997 et
564 1951 819 2014 impiorum
850 1949 1076 2014 prohibiti
1116 1948 1343 1995 hactenus
1386 1949 1557 1995 fuimus
1603 1968 1677 1997 su·
1713 1960 1715 1963 ’

269 2048 465 2092 musque
489 2029 549 2075 ad
572 2028 704 2074 sedes
726 2028 940 2090 proprias
964 2027 1153 2086 reverti,
1180 2027 1407 2088 veritique
1429 2043 1611 2089 semper
1633 2037 1677 2073 et

269 2125 365 2153 non
391 2107 449 2152 ab
482 2124 529 2152 re
566 2105 721 2169 pavidi
746 2121 832 2150 nos
855 2104 976 2150 illius
1002 2103 1128 2162 fidei,
1160 2104 1344 2165 justitiae
1367 2104 1677 2166 potestatique

271 2185 579 2240 committere9
609 2182 740 2243 cujus
760 2181 873 2226 tales
895 2197 973 2226 cas
996 2196 1109 2239 esse,
1138 2180 1298 2242 quales
1320 2195 1459 2242 supra
1482 2180 1677 2224 retexui-

270 2277 396 2313 mus,
433 2259 739 2317 offendimus,
776 2268 821 2303 et
853 2268 952 2302 tum
988 2258 1034 2301 in
1066 2256 1277 2319 plurimis
1306 2256 1609 2318 maximisque
1633 2266 1678 2301 et

270 2337 585 2382 illustrissimis
609 2334 915 2398 principibus,
943 2344 1043 2378 tum
1059 2334 1107 2378 in
1129 2332 1265 2378 nobis
1286 2333 1393 2395 ipsis
1413 2333 1678 2395 frequenter

269 2423 532 2478 compertas
568 2412 845 2467 habuimus;
891 2410 1239 2471 consultiusque
1280 2410 1498 2455 duximus
1538 2420 1677 2473 atque

270 2491 538 2553 eligibilius,
575 2490 739 2552 procul
768 2505 795 2534 a
830 2487 1046 2551 periculis·
1079 2497 1172 2532 tani
1205 2487 1459 2532 manifestis
1487 2497 1676 2550 tamque

324 2612 360 2646 1.
393 2610 422 2646 Il
449 2610 503 2645 sut
530 2608 684 2645 executi¹
711 2607 745 2644 le
767 2610 787 2643 7
812 2606 904 2643 avril
928 2608 1028 2643 1473
1053 2608 1072 2642 ὸ
1096 2606 1250 2642 Poitiers
1268 2634 1277 2650 ,
1302 2619 1399 2656 pour
1418 2606 1525 2643 avoir
1546 2606 1603 2642 ete
1624 2605 1674 2642 du

269 2672 436 2721 cotnplot
455 2670 520 2721 qui
539 2671 634 2707 livra
652 2674 837 2707 Lectoure
852 2682 900 2705 au
915 2676 1036 2705 comte
1057 2668 1324 2719 d'Armagnac,
1348 2670 1367 2704 ξι
1385 2668 1419 2705 la
1443 2669 1494 2705 fin
1513 2667 1560 2705 de
1579 2667 1671 2703 l’an-

273 2736 341 2771 nee
361 2734 599 2784 precedente.
