1875 2956
719 222 858 256 LIBER
887 220 1156 257 SECUNDUS.
1564 222 1637 255 352)

304 307 717 364 Quemadmodum
760 324 871 355 sane
919 307 1181 354 honoribus
1221 314 1303 351 aut
1341 303 1641 365 dignitatibus

240 387 478 449 fungendo
509 397 553 433 et
589 388 821 451 potiundo
855 404 952 433 non
977 386 1266 433 extolluntur
1297 399 1384 429 nec
1419 383 1643 428 inflantur

238 464 372 523 boni,
416 464 498 510 sed
532 465 624 511 hoc
660 465 811 510 solum
844 465 893 509 in
927 463 1198 524 hujusmodi
1227 460 1531 525 provectione
1561 477 1644 507 sua

237 551 420 597 amant,
455 541 583 603 quod
621 542 745 586 nacti
778 556 877 585 esse
916 540 1132 584 videntur
1165 538 1461 583 occasionem
1503 546 1643 599 atque

237 619 480 664 materiam
505 634 598 680 qua
622 616 834 680 pluribus
866 616 1087 679 prodesse
1115 615 1295 678 possint
1317 613 1644 677 malorumque

237 693 464 757 improbis
491 710 545 739 ac
568 692 781 739 nefandis
802 691 1025 738 obsistere
1049 690 1319 749 conatibus,
1346 690 1409 736 ita
1433 691 1644 753 profecto

237 786 325 815 nec
354 786 519 815 eorum
555 769 805 814 amissione
841 778 923 814 aut
957 769 1219 831 dejectione
1260 767 1538 828 franguntur
1573 769 1644 814 vel

236 848 530 903 cruciantur3
557 844 639 891 sed
667 861 777 890 cum
808 845 974 907 dejecti
1003 846 1076 891 vel
1103 845 1322 909 perfracti
1357 861 1456 891 esse
1480 855 1647 908 putan-

237 934 327 981 tur,
355 923 661 968 nihilominus
686 922 846 967 invicti
872 933 1082 968 manent.
1118 926 1177 968 Ut
1205 923 1333 968 enim
1364 922 1647 982 Augustinus

235 1001 387 1063 inquit
405 1001 453 1045 in
473 999 595 1046 libro
618 1003 684 1046 De
707 1016 817 1046 vera
837 1000 1087 1062 religione,
1117 1019 1139 1044 «
1167 1000 1248 1062 qui
1272 999 1319 1044 id
1344 998 1497 1043 solum
1520 1009 1647 1046 amat

235 1077 365 1140 quod
380 1077 556 1123 amanti
574 1077 689 1141 eripi
704 1093 802 1123 non
821 1086 990 1141 potest,
1006 1077 1082 1122 ille
1102 1074 1424 1121 indubitanter
1446 1075 1645 1122 invictus

234 1164 319 1201 est.
340 1173 363 1198 »
381 1154 575 1218 Sapiens
594 1164 768 1213 autem,
791 1155 872 1216 qui
889 1164 935 1200 et
953 1171 1052 1199 non
1071 1153 1158 1199 nisi
1174 1152 1331 1198 bonus
1351 1168 1448 1198 esse
1471 1162 1640 1215 potest,

233 1241 415 1278 certum
440 1240 509 1276 est
537 1230 668 1293 quod
697 1232 762 1277 nil
787 1231 915 1277 aliud
939 1240 1065 1277 amat
1088 1230 1177 1276 nisi
1204 1246 1442 1275 summum
1469 1239 1515 1276 et
1542 1245 1646 1292 per-

235 1306 408 1353 feetum
432 1307 638 1366 bonum,
665 1307 738 1352 vel
769 1308 859 1353 nisi
886 1317 1079 1371 propter
1106 1308 1261 1370 ipsum
1284 1306 1413 1368 quod
1440 1306 1555 1369 eripi
1582 1305 1643 1351 ab

234 1400 292 1429 eo
331 1384 597 1430 nullatenus
630 1393 798 1447 potest.
842 1386 1162 1446 Quzecumque
1198 1381 1338 1444 igitur
1367 1382 1644 1445 temporalia

233 1460 319 1505 ista
350 1460 546 1517 amittat,
579 1476 681 1522 quae
706 1461 846 1521 vulgo
868 1475 1093 1523 prospera
1121 1459 1358 1515 dicuntur,
1392 1475 1502 1504 cum
1527 1457 1644 1502 illud

233 1537 388 1582 solum
410 1537 540 1599 quod
563 1547 689 1583 amat
705 1574 715 1594 ‚
750 1554 988 1582 summum
1015 1547 1061 1582 et
1090 1536 1528 1582 excellentissimum
1556 1534 1643 1580 bo—

233 1629 350 1658 num
373 1630 470 1659 non
494 1614 691 1671 amittat,
719 1614 885 1677 procul
904 1613 1069 1672 dubio,
1096 1613 1237 1659 etiam
1252 1612 1643 1675 quantiscumque

234 1690 615 1738 tribulationibus
654 1701 734 1738 aut
771 1690 1177 1754 persecutionibus
1214 1690 1461 1736 afflictetur
1503 1698 1642 1751 atque

234 1768 449 1829 agitetur,
478 1786 581 1832 quae
614 1784 687 1814 res
716 1767 919 1814 adversae
945 1777 1186 1830 putantur,
1224 1783 1407 1830 semper
1443 1765 1643 1811 invictus

236 1855 420 1904 manet,

413 1951 727 2008 Fortunamque
753 1962 872 1993 tuens
895 1962 1116 2009 utramque
1139 1962 1272 1993 rectus
1286 1986 1294 1999 ‚

236 2069 286 2104 ut
306 2058 499 2122 pulchre
526 2058 744 2104 Boethius
767 2059 960 2119 cecinit,

412 2172 616 2212 Invictum
639 2171 777 2228 potuit
797 2181 940 2213 tenere
963 2171 1148 2216 vultum;

236 2300 417 2337 tantum
458 2290 586 2336 enim
628 2290 833 2336 tristatur
871 2290 1067 2352 quisque
1112 2298 1157 2335 et
1199 2306 1299 2335 non
1343 2288 1543 2352 amplius
1584 2288 1642 2333 de

236 2368 446 2415 absentia
494 2378 540 2414 et
583 2368 788 2414 carentia
833 2367 953 2429 ejus,
998 2367 1129 2430 quod
1171 2366 1362 2423 amittit,
1414 2374 1643 2428 quantum

236 2446 405 2508 ipsum,
434 2463 542 2492 cum
561 2445 759 2492 haberet
782 2455 827 2491 et
854 2445 1129 2508 possideret,
1157 2443 1408 2490 adamavit.

303 2521 350 2566 Si
372 2522 510 2582 igitur
530 2523 598 2567 vir
619 2521 793 2580 bonus,
815 2522 894 2585 qui
915 2522 1041 2567 solus
1064 2530 1108 2566 et
1135 2521 1336 2584 sapiens,
1359 2518 1419 2564 ad
1438 2518 1645 2564 honores

237 2608 279 2644 et
320 2598 496 2660 fastigia
541 2599 733 2644 istarum
774 2598 1106 2662 temporalium
1151 2596 1641 2649 administrationum,

237 2674 377 2719 etiam
403 2690 510 2719 cum
536 2675 601 2720 eis
623 2675 796 2721 utiliter
819 2675 1030 2734 inservit,
1056 2690 1153 2720 non
1172 2673 1372 2720 afficitur
1396 2687 1479 2736 per
1503 2687 1642 2717 amo-
