1875 2956
674 195 817 229 LIBER
847 192 1096 228 SEPTIMUS.
1180 186 1183 189 ’
1503 197 1573 231 147

250 279 453 323 Consilio
475 289 630 325 autem
653 280 806 325 statim
828 296 881 324 ex
905 289 1115 340 tempore
1139 286 1354 339 accepto,
1380 294 1500 337 nou,
1530 291 1579 325 ut

186 354 339 416 priore
363 355 487 410 vice,
511 355 571 401 ad
595 373 731 401 suum
757 355 1057 400 domicellum
1087 353 1374 411 Clivensem‚
1404 353 1484 397 sed
1520 356 1577 400 ad

184 447 319 476 suum
346 432 617 494 pontificem
641 433 870 495 optimum
897 441 1034 493 atque
1058 430 1317 493 piissimum
1348 445 1582 476 accersen-

185 506 299 552 dum
323 509 569 568 miserunt,
592 509 672 571 qui
694 509 741 553 in
765 523 850 552 suo
868 505 1045 570 oppido
1065 505 1124 551 de
1145 505 1319 567 W)·ck·,
1347 522 1375 551 a
1398 506 1580 552 civitate

187 600 281 628 non
311 586 510 648 amplius
534 584 720 630 duobus
742 582 1019 629 milliaribus
1048 583 1205 645 patria*
1235 592 1444 643 remoto,
1470 593 1581 628 tunc

185 661 479 709 consistebat.
515 665 660 708 Laetus
695 661 832 722 igitur
875 659 1002 706 idem
1036 659 1397 722 benignissimus
1432 671 1578 724 pater,

185 738 443 801 gratiasque
478 755 617 800 agens
640 741 740 784 Deo
775 737 904 800 quod
932 738 996 783 ita
1022 736 1236 796 dulciter,
1264 738 1440 801 absque
1469 755 1581 784 san-

185 814 335 874 guinis
363 814 614 873 efsusione‚
650 814 772 859 cives
801 830 828 859 a
862 829 910 859 se
935 813 1099 875 jugum
1139 815 1389 876 tyrannicae
1429 814 1584 860 domi-

187 892 386 937 nationis
416 901 741 950 excusserant,
782 907 945 936 omnes
977 900 1154 936 erratus
1193 908 1301 937 suos
1333 892 1584 955 culpasque

184 968 434 1014 clementer
456 969 520 1014 eis
539 967 835 1027 condonans,
860 967 1218 1030 immemorque,
1234 969 1365 1030 juxta
1383 985 1586 1032 praecep-

186 1054 283 1089 tum
308 1046 535 1105 divinum,
560 1046 714 1091 onmis
734 1045 911 1107 injuria·
936 1045 1106 1090 civium
1128 1061 1322 1091 suorum
1344 1083 1354 1106 ‚
1385 1047 1486 1110 ipso
1510 1047 1584 1092 die

184 1126 290 1167 cum
306 1124 531 1168 comitatu
547 1123 860 1168 ducentorum
874 1122 1054 1167 circiter
1071 1134 1361 1169 armatorum
1375 1125 1585 1185 equitum

184 1213 238 1242 ac
282 1198 490 1261 peditum
534 1199 767 1244 civitatem
802 1198 1013 1256 intravit,
1043 1198 1141 1260 jam
1176 1200 1588 1264 advesperascente

184 1273 283 1330 die,
307 1275 402 1320 imo
424 1276 521 1337 jam
544 1284 680 1320 nocte
708 1274 890 1319 circiter
915 1291 999 1336 per
1018 1273 1134 1321 duas
1156 1275 1297 1321 horas
1316 1276 1517 1338 incepta.

247 1353 495 1414 Susceptus
514 1360 581 1396 est
603 1361 759 1396 autem
777 1367 805 1396 a
827 1349 1006 1394 civibus
1023 1367 1131 1395 cum
1149 1351 1354 1397 maximo
1373 1354 1587 1400 omnium

183 1427 422 1472 bonorum
443 1428 694 1490 applausu,
714 1426 1024 1471 luminaribus
1046 1444 1128 1489 per
1152 1427 1321 1474 domos
1346 1438 1390 1473 et
1413 1430 1588 1493 plateas

182 1503 252 1547 in¹
294 1503 467 1549 facibus
509 1502 682 1564 ubique
727 1502 950 1547 accensis,
988 1506 1227 1548 Bonorum
1273 1516 1429 1551 autem
1472 1507 1589 1552 dixi-

181 1597 312 1639 mus,
351 1580 544 1642 quando
585 1579 719 1624 multi
762 1578 917 1624 adhuc
954 1579 1001 1623 in
1032 1580 1216 1626 civitate
1251 1592 1405 1642 erant,
1442 1593 1487 1628 et
1529 1584 1586 1629 de

181 1657 305 1703 clero
334 1667 380 1702 et
404 1657 462 1702 de
484 1657 639 1716 laicis,
672 1654 844 1718 quibus
867 1671 922 1702 ea
946 1672 1017 1701 res
1044 1656 1346 1704 vehementer
1377 1659 1586 1722 displice-

181 1732 286 1788 bat,
329 1750 414 1779 nec
450 1743 634 1797 poterat
671 1733 764 1779 ulla
798 1733 978 1778 ratione
1013 1750 1180 1779 eorum
1211 1751 1455 1798 perversus
1489 1739 1588 1784 ani-

182 1827 310 1869 mus,
341 1811 462 1856 serus
487 1827 541 1857 ac
562 1811 847 1870 indomitus,
877 1811 938 1857 ad
963 1810 1285 1858 obediendum
1315 1814 1468 1860 eidem
1499 1834 1584 1862 suo

182 1887 410 1950 pontiflci,
435 1889 507 1934 vel
532 1905 640 1934 eum
659 1888 914 1934 colendum
938 1889 1111 1934 inflecti
1129 1908 1139 1947 3
1159 1890 1240 1935 sed
1262 1900 1374 1937 tunc
1398 1910 1583 1941 necesse

180 1966 245 2010 eis
264 1965 347 2010 fuit
371 1975 417 2010 ut
448 1986 468 2007 ι(
484 1966 630 2011 altum
653 1974 917 2028 premerent
938 1964 1060 2028 [sub]
1076 1966 1218 2012 corde
1243 1967 1496 2015 dolorem»
1518 1982 1578 2032 et7

181 2043 252 2088 vel
275 2043 515 2102 simulate,
543 2044 726 2104 signum
753 2042 953 2105 quodvis
972 2043 1134 2088 laetitiae
1159 2046 1359 2091 exterriti
1388 2058 1579 2109 porten-

181 2119 359 2165 derent.
406 2123 523 2166 Nam
557 2120 644 2183 ipsi
675 2120 875 2165 nimium
905 2130 1039 2165 erant
1072 2131 1118 2166 et
1157 2138 1355 2169 numero
1393 2135 1437 2169 et
1472 2127 1579 2172 viri-

179 2195 267 2241 bus
309 2197 508 2259 impares
532 2196 604 2242 his
633 2197 713 2259 qui
742 2197 800 2242 de
839 2197 1192 2259 recuperatione
1225 2217 1316 2246 suae
1356 2201 1579 2249 libertatis

180 2282 223 2317 et
245 2283 552 2335 tyrannorum
571 2273 845 2337 depulsione
868 2283 968 2319 toto
996 2275 1137 2320 corde
1161 2277 1445 2338 gaudebant.

246 2349 434 2396 Rutberi
457 2360 612 2397 autem
628 2389 639 2410 ‚
666 2352 746 2413 qui
769 2350 828 2397 ad
858 2352 1108 2398 commissa
1138 2353 1225 2399 sibi
1258 2372 1400 2418 opera
1426 2358 1577 2405 emissi

182 2427 473 2487 exstiterant,
511 2428 571 2474 ad
607 2444 849 2491 vesperam
883 2428 1158 2487 redeuntes,
1199 2430 1387 2493 objectu
1425 2444 1578 2496 porta-

187 2518 285 2547 rum
310 2504 480 2551 intrare
506 2504 754 2568 prohibiti,
786 2521 884 2552 sese
907 2505 953 2550 in
976 2505 1251 2554 suburbano
1278 2509 1572 2568 locaverunt,

236 2656 272 2691 1.
303 2657 473 2707 Corrigez
501 2671 557 2693 ac„
