1875 2956
690 173 832 208 LIBER
882 171 1077 207 PRIMUS.
1523 171 1591 206 321

269 261 371 303 Haec
397 259 480 303 fuit
512 268 608 305 tota
643 259 934 314 humanitas,
970 257 1068 302 haec
1096 255 1433 319 promissorum
1460 266 1503 301 et
1531 274 1599 302 sa-

203 344 547 380 cramentorum
572 335 709 393 fides,
739 352 877 397 quam
902 351 1009 395 erga
1032 333 1218 378 fratrem
1242 330 1456 393 praefatus
1479 331 1602 377 illus-

202 411 426 456 trissimus
470 413 687 475 princeps
728 412 878 475 potuit
929 427 1016 474 pro
1059 409 1197 455 nobis
1237 408 1463 453 invenire.
1509 411 1602 454 Nec

203 488 373 532 mirum
394 488 606 550 profecto
630 490 666 533 si
691 504 776 551 pro
801 488 892 532 alio
920 487 1057 532 talem
1085 484 1281 531 offendit
1298 484 1407 529 fidei
1428 485 1604 530 tenaci-

202 573 365 619 tatem,
404 581 511 609 cuni
540 575 585 610 et
616 581 712 609 non
749 563 1010 609 absimilem
1042 563 1089 608 in
1130 561 1331 624 propriis
1365 560 1493 606 factis
1524 571 1604 607 aut

203 642 414 703 negotiis,
444 657 541 686 non
567 641 724 697 semel,
753 640 832 685 sed
859 640 1048 702 pluries,
1079 636 1201 700 proh
1226 636 1387 683 dolor!
1418 638 1604 684 invene-

203 718 282 776 rit,
316 728 361 762 ut
395 718 452 763 de
485 719 627 781 ipsius
652 733 764 763 nece
789 727 929 779 atque
953 714 1258 762 exstinctione
1285 714 1535 761 miserabili
1560 725 1603 760 et

205 794 422 840 deflenda
445 795 694 840 sileamus¹.

658 981 993 1026 CAPITULUM
1029 981 1148 1024 XXI.

405 1114 454 1146 De
472 1113 579 1158 poenis
593 1114 718 1157 quibus
738 1122 874 1146 nostros
889 1120 1126 1158 persecutores
1143 1113 1234 1146 Deus
1254 1112 1401 1157 punixit.

267 1241 440 1283 Verum
469 1238 652 1283 silentio
679 1238 1054 1301 pra¹tereundum
1082 1254 1179 1283 non
1212 1247 1275 1283 est
1302 1237 1499 1300 qualiter
1520 1254 1607 1300 pro

203 1315 296 1360 suis
323 1315 656 1378 impietatibus,
685 1315 744 1360 (le
770 1315 849 1360 illo
873 1315 1019 1377 impio
1050 1313 1242 1360 satellite
1269 1314 1456 1375 suisque
1484 1329 1605 1357 non-

204 1390 341 1435 nullis
364 1392 412 1436 in
434 1391 523 1436 hac
546 1391 775 1451 nequitia,
809 1391 868 1436 ad
893 1391 1005 1436 tales
1028 1390 1277 1435 adversum
1307 1406 1394 1434 nos
1421 1390 1610 1433 concin-

204 1470 383 1512 nandas
403 1467 660 1512 calumnias
680 1467 907 1528 dolosque
927 1467 1253 1523 multiformes,
1276 1465 1602 1527 complicibus,

203 1557 299 1587 non
324 1543 466 1603 longo
494 1552 600 1605 post
623 1542 821 1587 decurso
847 1552 1060 1605 tempore
1085 1542 1244 1587 divina
1268 1542 1444 1602 justitia
1474 1542 1606 1587 debi-

202 1627 270 1663 tas
287 1618 486 1680 exegerit
503 1633 681 1681 poenas.
700 1618 780 1663 Ille
797 1619 924 1664 enim
942 1618 1113 1680 impius
1131 1618 1328 1677 satelles,
1348 1618 1608 1680 praecipuus

204 1695 342 1739 totius
380 1695 716 1740 criminationis
756 1704 801 1740 et
838 1694 1181 1740 calumniarum
1223 1703 1483 1751 exsecutor,
1527 1695 1606 1755 qui

205 1770 342 1814 talem
368 1787 422 1815 ac
445 1780 644 1828 tantam,
681 1771 747 1815 uti
781 1770 1045 1827 retulimus,
1073 1769 1199 1832 apud
1224 1786 1381 1830 regem
1413 1770 1607 1830 gratiam

204 1847 462 1905 invenerat,
490 1847 609 1892 infra
631 1863 814 1892 menses
844 1857 934 1892 tres
957 1855 1208 1910 postquam
1233 1846 1405 1892 dictam
1431 1848 1607 1893 calum-

207 1924 331 1969 niam
356 1924 414 1968 de
437 1924 786 1969 machinatione
812 1924 859 1968 in
881 1940 1044 1969 neceni
1069 1924 1204 1984 regis,
1233 1933 1277 1969 et
1297 1924 1426 1986 quod
1449 1924 1606 1969 crimi-

204 2016 335 2058 num,
360 2000 417 2045 de
435 1999 608 2062 quibus
624 1998 953 2045 deferebantur
970 1998 1177 2062 praedicti
1196 1999 1444 2045 cardinalis
1459 2000 1607 2045 Baiae

203 2086 248 2122 et
287 2077 592 2122 Virdunensis
641 2075 949 2140 [episcopus],
991 2083 1203 2121 auctores
1245 2076 1606 2139 inventoresque

203 2153 462 2211 fuissemus,
487 2153 736 2199 adversum
767 2169 854 2200 nos
877 2151 1177 2197 confluxisset
1207 2169 1288 2197 seu
1311 2152 1601 2211 affirmasset,

199 2230 380 2291 juvenis
403 2231 594 2294 quidem
617 2231 796 2276 nedum
831 2246 1067 2276 annorum
1091 2230 1300 2290 triginta,
1326 2230 1373 2274 in
1402 2230 1517 2275 ssore
1536 2230 1608 2291 ju-

204 2306 420 2362 ventutiS,
449 2305 574 2368 apud
597 2315 800 2350 castrum
826 2304 884 2349 de
913 2307 1067 2364 Αζγονῑ
1088 2304 1299 2348 Pictaviae
1329 2303 1604 2349 miserabili-

206 2389 273 2424 ter
305 2381 457 2426 obiit2.
487 2385 627 2439 Nam,
662 2391 713 2426 ut
746 2397 773 2427 a
799 2380 1065 2427 clarissimis
1095 2380 1203 2426 viris
1236 2379 1484 2441 multisque
1512 2379 1604 2424 fide

261 2516 297 2551 1.
330 2514 391 2550 S'il
421 2514 499 2550 s'en
533 2515 598 2551 tait
622 2514 695 2560 ici,
728 2513 753 2550 il
784 2526 830 2550 en
864 2513 968 2563 parle
993 2512 1086 2549 dans
1113 2510 1306 2548 l’Histoire
1337 2511 1387 2548 (lu
1419 2512 1534 2561 regne
1561 2510 1607 2547 de

211 2574 319 2611 Louis
339 2577 413 2621 XI,
436 2583 461 2612 t.
485 2577 543 2620 II,
564 2589 603 2625 p.
629 2577 704 2611 ⁶287
727 2583 763 2611 et
783 2577 874 2612 ⁶296.

260 2638 296 2671 ⁹2.
330 2637 430 2671 Dans
450 2635 535 2672 l'ete
556 2635 602 2672 de
623 2637 738 2672 1469.

341 2713 385 2734 111
1352 2700 1394 2733 2'1
