1875 2956
265 259 338 294 3702
831 255 1076 291 APOLOGIA
1096 282 1105 299 ‚

261 347 351 392 cati
375 346 515 391 totius
537 345 694 408 patriae
714 343 934 388 illitterati
958 352 1003 387 et
1025 341 1210 405 penitus
1229 342 1344 402 juris
1365 352 1473 388 sunt
1494 342 1658 404 ignari,

263 422 444 469 nullum
473 422 569 483 jam
598 421 687 466 tale
723 420 991 483 praesidium
1027 418 1225 482 praelatis
1262 417 1559 465 ecclesiarum
1592 435 1662 464 re-

261 499 423 544 lictum
459 507 556 552 est,
591 513 679 542 nec
712 496 809 559 spei
843 495 1061 541 solatium
1095 493 1225 556 quod
1255 510 1343 557 pro
1362 494 1663 557 quibuscum-

261 593 352 639 que
384 575 590 637 injuriis,
631 583 796 619 contra
824 574 1155 619 ecclesiasticas
1190 589 1294 618 suas
1328 573 1556 636 praecipue
1582 575 1663 637 ju-

259 652 552 698 risdictiones
575 652 647 697 vel
676 652 994 697 immunitates
1014 667 1069 696 ac
1091 649 1327 695 libertates
1349 650 1414 695 eis
1433 650 1658 712 irrogatis,

253 729 480 790 justitiam
516 745 597 773 seu
621 728 967 791 reparationem
1013 727 1238 789 consequi
1270 726 1471 789 possint,
1513 726 1665 774 ablata

256 805 321 849 eis
370 804 558 867 penitus
613 803 802 849 licentia
846 813 890 848 et
940 803 1155 848 facultate
1204 819 1285 848 seu
1330 819 1414 866 per
1460 803 1665 866 appella-

256 881 436 926 tionem
485 897 565 925 seu
609 897 692 943 per
733 881 858 926 viam
903 880 1103 943 querelae
1143 889 1223 925 aut
1254 879 1366 924 alias
1396 879 1456 925 ad
1494 879 1666 925 dictam

255 957 573 1004 venerabilem
605 958 784 1003 curiam
819 959 985 1019 regalis
1021 958 1301 1020 parlamenti
1327 957 1596 1004 recurrendi
1624 967 1668 1003 et

254 1052 340 1098 pro
362 1034 480 1097 juris
504 1034 715 1079 remedio
750 1035 1071 1096 confugiendi.

319 1109 621 1156 Potiebantur
646 1110 778 1170 olim,
806 1120 856 1156 ut
879 1111 1058 1156 cunctis
1083 1111 1190 1156 satis
1216 1111 1455 1158 notorium
1471 1111 1663 1169 exsistit,

254 1188 430 1251 praelati
473 1198 518 1233 et
558 1187 762 1233 ecclesiae
805 1188 1134 1247 Normanniae⁷
1182 1187 1587 1250 quemadmodum
1624 1197 1668 1232 et

252 1266 404 1312 caeteri
446 1265 622 1329 praelati
665 1275 710 1311 et
752 1265 956 1311 ecclesiae
1001 1267 1160 1326 regni,
1211 1265 1301 1311 hac
1346 1264 1559 1311 libertate
1605 1266 1669 1310 eis

255 1343 417 1405 utique
452 1341 639 1404 perutili
684 1358 738 1386 ac
777 1342 1148 1405 pernecessaria,
1199 1342 1328 1405 quod
1359 1343 1405 1387 in
1434 1342 1530 1387 istis
1561 1358 1669 1387 con-

255 1418 491 1464 troversiis
533 1434 636 1480 quae
669 1418 832 1464 dietim
870 1419 992 1464 inter
1031 1436 1112 1465 eos
1152 1429 1291 1483 atque
1336 1418 1492 1465 officia
1533 1435 1670 1464 saecu-

256 1496 373 1542 laria
417 1496 596 1542 oboriri
633 1498 811 1553 solent,
856 1514 938 1542 seu
982 1515 1122 1561 super
1163 1497 1435 1543 differentiis
1454 1496 1669 1559 jurisdic-

257 1573 441 1618 tionum
482 1589 537 1619 ac
568 1573 920 1618 immunitatum
943 1575 1386 1633 ecclesiasticarum,
1421 1591 1502 1620 seu
1532 1590 1671 1637 super

257 1649 561 1694 ecclesiarum
597 1650 814 1709 dotibus‚
852 1660 897 1695 et
926 1651 973 1695 in
1006 1651 1271 1713 quibusque
1311 1651 1468 1696 arduis
1496 1661 1541 1696 et
1569 1668 1671 1713 gra-

256 1724 467 1771 vioribus
505 1726 716 1786 negotiis,
743 1743 826 1788 per
848 1727 972 1772 viam
998 1728 1197 1788 querelae
1224 1727 1490 1788 hujusmodi
1511 1743 1672 1773 causas

258 1802 537 1850 obtinebant
571 1819 598 1849 a
631 1819 738 1864 rege
771 1804 1002 1848 committi
1039 1804 1084 1848 in
1128 1803 1256 1849 curia
1289 1803 1566 1866 parlamenti
1599 1805 1671 1850 vel

260 1890 581 1943 requestarum
620 1880 846 1937 Parisius3
881 1889 923 1924 et
960 1896 1044 1943 per
1080 1880 1165 1925 has
1199 1879 1489 1926 venerabiles
1521 1882 1673 1927 curias

255 1957 484 2018 justitiam
527 1957 693 2020 saepius
720 1958 943 2016 assecuti,
973 1957 1277 2002 ecclesiarum
1318 1973 1507 2003 suarum
1537 1958 1669 2020 jura,

259 2033 609 2095 jurisdictiones
647 2043 788 2094 atque
830 2033 1147 2079 immunitates
1171 2043 1334 2079 contra
1378 2035 1537 2092 dolos,
1574 2036 1673 2081 vio-

265 2109 430 2155 lentias
455 2120 498 2155 et
522 2110 781 2155 calunntias
816 2109 1141 2155 advocationis
1172 2111 1400 2156 saecularis
1428 2121 1473 2156 et
1495 2110 1673 2157 officio—

264 2203 369 2230 rum
394 2187 552 2248 patria}
588 2196 844 2249 utcumque
871 2186 1161 2247 tutabantur,
1205 2187 1497 2250 quletiusque
1525 2188 1673 2233 multo

266 2273 309 2308 et
343 2263 637 2324 tranquillius
681 2274 723 2309 et
765 2263 956 2309 liberius
990 2264 1083 2309 suis
1119 2274 1229 2309 tunc
1264 2263 1565 2326 potiebantur
1600 2265 1674 2325 ju-

268 2338 618 2384 risdictionibus
644 2350 689 2384 et
722 2339 1037 2399 libertatibus,
1083 2350 1210 2384 metu
1245 2341 1452 2402 quodam
1490 2341 1674 2404 jttstitiae

266 2416 387 2461 illius
436 2432 663 2478 supremae
718 2417 855 2461 curia=
903 2417 1206 2480 parlamenti,
1251 2433 1277 2462 a
1319 2434 1411 2479 qua
1451 2434 1538 2480 pro
1582 2419 1676 2463 suis

268 2493 389 2539 dolis
423 2503 468 2538 et
508 2492 754 2537 calumniis
786 2494 941 2556 puniri
983 2503 1026 2538 et
1063 2495 1264 2539 coerceri
1302 2511 1398 2539 non
1434 2495 1675 2542 modicum

269 2569 603 2616 formidabant.
646 2569 796 2614 Hodie
824 2587 937 2615 xero
967 2571 1107 2615 totius
1140 2572 1392 2633 prox'inciae
1427 2572 1674 2618 advocatio

268 2647 498 2692 saecularis
539 2656 583 2691 et
624 2656 792 2692 cuncta
827 2648 983 2709 patria·
1017 2646 1172 2693 officia
1215 2647 1343 2693 hunc
1386 2649 1675 2695 Ludovicum

267 2741 423 2786 regem
461 2733 506 2768 ct
547 2723 802 2769 nonnullos
838 2723 896 2770 de
946 2723 1248 2787 prinlioribus
1292 2725 1417 2787 apud
1462 2742 1567 2770 eum
1613 2725 1674 2770 ita
