1875 2956
623 238 761 270 LIBER
791 236 988 272 SEXTUS.
1457 241 1502 273 τῖ’.

104 328 196 363 tam
236 319 326 364 alte
365 319 540 365 radices
577 321 698 365 misit
743 322 786 365 in
832 321 999 365 animis
1032 319 1281 364 hominum
1326 329 1372 365 et
1409 330 1502 366 tam

103 395 323 440 tenaciter
353 412 434 441 eos
457 396 773 443 adinimicavit
788 400 815 453 ¹,
837 407 912 454 ut,
935 395 1147 458 quamvis
1176 396 1313 442 stulta
1336 407 1381 442 et
1405 398 1504 444 sine

104 473 293 518 rationis
342 474 574 537 probabili
623 475 780 536 aliquo
827 472 985 519 colore
1027 482 1187 519 exorta
1226 473 1299 518 vel
1339 474 1502 520 saltem

102 560 371 613 nuncupata
406 551 635 609 rideatur,
676 566 785 595 cum
820 560 865 596 et
899 550 1067 596 hamus
1093 560 1137 595 et
1170 550 1333 613 piscis,
1360 567 1502 612 quem

102 626 241 685 vulgo
264 626 476 690 cabeljazc
504 627 773 685 nominant,
804 643 858 672 ex
896 643 1031 689 aequo
1071 626 1292 672 omnibus
1316 628 1503 691 populis

101 704 359 749 Hollandiae
383 703 647 749 communis
677 703 733 747 sit
755 703 861 765 (qui
884 703 1214 765 hujuscemodi
1237 704 1376 749 etiam
1407 704 1494 766 pis-

101 781 224 825 cium
249 797 303 827 ac
333 790 606 826 caeterorum
630 780 885 842 piscatione
906 781 1079 826 victum
1102 791 1147 826 et
1176 797 1367 843 magnas
1391 781 1504 827 divi-

100 857 184 902 tias
211 872 483 920 comparare
507 857 906 915 consueverunt),
933 867 1138 903 attamen
1172 874 1258 903 nec
1286 858 1502 904 exhorta-

101 933 228 978 tione
255 943 331 979 aut
357 933 570 978 doctrina
607 932 749 978 Verbi
776 933 950 992 divini,
987 950 1074 979 nec
1099 934 1267 979 timore
1291 934 1402 994 Dei,
1426 946 1505 981 aut

99 1010 366 1072 principum
400 1009 720 1055 sanctionibus
751 1009 822 1054 vel
856 1010 1048 1070 edictiS,
1086 1010 1146 1057 ab
1178 1011 1504 1074 hujuscemodi

100 1085 443 1131 dissensionum
457 1087 791 1132 nefandissimo
811 1097 950 1149 atque
964 1089 1359 1150 perniciosissimo
1374 1089 1505 1134 semi-

101 1162 232 1208 nario
274 1162 499 1208 hactenus
539 1164 725 1226 purgari
770 1164 842 1209 vel
891 1165 1223 1225 conquiescere
1279 1174 1500 1228 possunt,

100 1239 213 1299 quin
274 1254 457 1302 semper
506 1239 677 1284 haereat
729 1238 873 1284 fixum
912 1240 960 1284 in
998 1241 1172 1285 intimis
1208 1240 1501 1304 praecordiis,

100 1314 431 1377 imitenturque
460 1317 472 1338 ²³
522 1314 755 1375 majorum
810 1330 1002 1359 suorum
1063 1331 1247 1378 semper
1305 1315 1506 1361 infelicia

99 1390 317 1451 vestigia,
368 1411 390 1432 «
428 1399 474 1435 et
517 1390 611 1435 nati
648 1399 892 1448 natorum,
936 1400 982 1435 et
1023 1392 1103 1453 qui
1146 1400 1406 1437 nascuntur
1445 1391 1504 1437 ab

100 1466 203 1510 illis.
234 1485 255 1507 »

163 1545 229 1586 Ex
269 1541 358 1588 hac
392 1542 594 1588 nefanda
638 1542 873 1588 malorum
916 1542 1072 1589 radice
1114 1545 1334 1607 contigit,
1379 1560 1506 1591 anno

99 1619 289 1664 Domini
319 1635 589 1666 mccchxxx
607 1653 618 1673 ‚
645 1619 791 1681 quod⁵
820 1636 929 1665 cum
958 1620 1016 1666 de
1037 1620 1216 1684 oppido
1240 1621 1298 1666 de
1319 1621 1502 1683 Leydis³

99 1695 357 1742 Hollandiae
380 1696 598 1741 nonnulli
622 1696 796 1741 civium
817 1697 1105 1757 exsularent,
1127 1698 1185 1743 de
1206 1707 1336 1760 parte
1353 1700 1505 1743 Hoec-

101 1772 258 1829 kense‚
286 1783 332 1819 et
354 1789 401 1818 se
426 1772 553 1835 apud
575 1775 609 1817 T
611 1772 837 1835 rajectum
859 1775 1163 1837 recepissent,
1191 1775 1309 1819 inito
1335 1774 1506 1820 foedere

100 1865 207 1894 cum
226 1850 316 1909 his⁷
339 1851 418 1912 qui
442 1860 543 1895 tum
568 1850 888 1911 magistratum
909 1851 957 1895 in
983 1867 1037 1896 ea
1061 1851 1246 1897 civitate
1264 1851 1503 1913 gerebant,

100 1927 231 1988 cujus
254 1929 392 1987 cives,
425 1937 473 1972 ut
494 1928 653 1985 fertur,
677 1927 737 1973 ab
759 1929 952 1990 antiquo
976 1938 1129 1991 partes
1152 1929 1339 1974 illorum
1362 1932 1508 1975 Hoec-

102 2004 313 2050 kensium
348 2005 456 2050 satis
486 2005 784 2067 pertinaciter
813 2004 1154 2065 defendebant,
1186 2005 1411 2051 auxilium
1446 2005 1506 2051 al)

100 2081 274 2127 eisdem
315 2082 620 2144 postularent.
666 2081 808 2136 Quod
840 2097 948 2126 cum
985 2082 1117 2128 facile
1148 2083 1504 2146 impetrassent,

103 2159 281 2204 circiter
306 2159 536 2205 ducentos
575 2159 700 2203 viros
737 2157 796 2203 de
831 2157 1012 2204 civibus
1038 2160 1160 2218 suis,
1193 2160 1319 2205 clero
1352 2169 1506 2205 tamen

104 2235 297 2282 civitatis
329 2246 373 2280 et
408 2236 746 2280 communitate
770 2234 828 2279 de
854 2234 946 2280 hoc
970 2235 1086 2281 nihil
1112 2235 1365 2282 scientibus
1382 2274 1393 2296 ,
1423 2236 1508 2281 eis-

105 2312 212 2358 dem
241 2312 476 2359 exsulibus
493 2350 504 2371 ‚
542 2313 602 2358 ad
634 2329 771 2358 suum
795 2313 1026 2375 oppidum
1050 2314 1315 2377 Leydense⁷
1340 2314 1376 2359 si
1402 2329 1508 2376 pos-

107 2399 230 2447 sent,
257 2389 655 2452 recuperandum,
683 2388 1073 2449 commodarunt3
1099 2407 1303 2454 quorum
1326 2400 1371 2435 et
1395 2405 1508 2435 con-

164 2587 199 2621 1.
231 2587 289 2622 Sic
308 2585 518 2624 Matthaeus.
541 2587 729 2622 Aclzmavic
744 2586 838 2623 dans
858 2586 892 2623 le
911 2599 982 2624 ms.

164 2648 200 2683 Ξ).
233 2649 499 2696 Imitantarque
515 2648 607 2686 (lans
624 2648 658 2684 le
678 2661 748 2685 ms.
771 2649 1015 2696 Imt'tatarqm·
1036 2648 1127 2684 dans
1147 2646 1358 2684 Matthseus.

166 2710 200 2744 3.
234 2709 370 2744 chde.
