1875 2956
732 215 875 250 LIBER
902 213 1096 249 PRIMUS.
1542 213 1614 247 329

220 302 349 350 multi
387 303 525 347 etiam
565 302 621 347 de
663 302 915 363 conjuratis
950 311 994 346 et
1024 298 1370 363 capitalioribus
1408 298 1618 346 factionis

218 378 510 434 auctoribus,
554 388 714 441 postea
750 379 797 423 in
836 378 1030 438 gratiam
1071 376 1129 422 ab
1164 377 1264 439 ipso
1302 391 1407 435 rege
1447 378 1615 437 recepti

217 466 340 514 sunt,
366 457 556 518 ejusque
579 472 675 501 non
705 454 850 499 modo
875 454 1187 511 clementiam,
1219 468 1381 497 verum
1413 461 1458 496 et
1479 450 1619 496 bene-

217 531 452 578 ficentiam
473 549 527 577 ac
544 531 866 577 liberalitatem
886 530 1078 591 experti,
1103 529 1282 590 magnis
1304 527 1363 573 ab
1386 544 1442 573 eo
1468 527 1618 573 hono·

217 608 344 653 ribus
369 619 507 670 atque
530 606 803 653 muneribus
821 605 981 650 donati
1006 614 1112 649 sunt
1135 613 1179 649 et
1205 603 1426 649 sublimes
1447 604 1612 649 effecti.

282 688 496 730 Fatemur
519 684 708 745 quidem
734 683 826 727 hoc
851 682 1021 744 ipsum,
1050 697 1136 726 nec
1159 680 1346 726 infitiari
1371 697 1618 743 possumus

216 761 427 823 plurimis
459 761 579 806 lianc
613 769 784 806 sortem
826 759 1094 819 contigisse,
1137 758 1415 820 plerumque
1448 756 1618 802 talibus

217 855 334 900 quos
351 839 521 884 idonea
540 839 845 883 instrumenta
868 853 948 881 seu
969 835 1223 881 ministeria
1240 844 1492 898 reputaret,
1515 852 1618 898 quae

216 915 275 959 ad
301 914 638 977 perficiendum
660 929 764 959 suas
787 911 1076 958 damnabiles
1100 912 1374 975 cupiditates
1403 912 1488 957 sibi
1514 913 1616 957 usui

217 1007 314 1035 esse
347 1001 551 1053 possent.
596 990 684 1036 Sed
721 1006 817 1035 non
852 1006 908 1034 eo
945 989 1124 1048 minus,
1164 989 1383 1034 novimus
1420 998 1466 1033 et
1502 989 1618 1034 alios

217 1067 514 1129 quamplures
540 1067 710 1128 quibus
738 1067 825 1112 alia
854 1082 1043 1129 prorsus
1075 1081 1174 1111 sors
1207 1064 1398 1126 obtigit,
1425 1065 1522 1126 qui,
1552 1067 1618 1110 in-

216 1141 464 1203 dulgentiis
494 1144 587 1188 suis
616 1153 755 1206 atque
781 1141 1116 1188 abolitionibus
1144 1142 1244 1187 freti
1276 1151 1372 1187 tam
1398 1141 1618 1204 plenariis

216 1228 404 1281 tamque
448 1221 695 1283 expressis,
741 1230 971 1282 quantum
1016 1235 1148 1264 mens
1189 1218 1395 1264 hominis
1439 1218 1618 1263 solertis

215 1296 357 1342 ferme
381 1297 641 1359 excogitare
664 1306 841 1359 posset,
876 1296 934 1342 de
961 1296 1118 1357 eisque
1147 1294 1337 1353 confisi,
1366 1310 1462 1339 non
1492 1295 1618 1339 aliud

214 1386 354 1433 quam
395 1372 735 1418 irremediabile
777 1373 968 1417 exitium
1006 1372 1309 1427 invenerunt,
1352 1369 1429 1415 alii
1468 1371 1618 1432 capite

212 1447 335 1509 plexi
368 1457 411 1492 et
434 1448 610 1506 laniati,
637 1448 713 1492 alii
736 1462 965 1508 aquarum
998 1446 1255 1508 gurgitibus
1278 1445 1514 1503 suffocati,
1541 1446 1618 1490 alii

213 1524 260 1567 in
287 1524 443 1570 exsilia
471 1534 551 1569 aut
579 1539 786 1569 carceres
813 1524 926 1568 trusi
955 1532 997 1567 et
1034 1522 1226 1568 detenti.
1254 1523 1381 1577 Quas
1408 1521 1617 1568 fortunas

214 1600 406 1646 minime
427 1601 745 1659 incurrissent,
771 1600 860 1645 nisi
884 1599 1026 1644 fidem
1047 1600 1182 1660 regiis
1203 1599 1358 1660 gratiis
1382 1608 1427 1642 et
1446 1599 1617 1644 securi-

215 1676 384 1722 tatibus
423 1678 752 1740 praestitissent.
797 1676 1019 1722 Consulte
1058 1675 1249 1738 quidem
1290 1676 1509 1737 praecepit
1548 1691 1618 1721 sa-

213 1754 345 1815 piens
369 1771 378 1798 :
411 1773 430 1794 «
459 1757 563 1798 Non
591 1753 802 1798 confidas
826 1753 1018 1797 inimico
1049 1761 1130 1796 tuo
1162 1752 1209 1796 in
1237 1760 1477 1797 aeternum.
1513 1770 1535 1794 »
1561 1755 1618 1798 Et

214 1830 325 1874 item
353 1847 361 1873 ε
394 1848 415 1871 «
442 1832 599 1890 Longe
624 1829 784 1875 abesto
807 1827 867 1875 ab
891 1828 1085 1873 homine
1107 1826 1312 1872 habente
1340 1837 1615 1890 potestatem

215 1909 459 1954 occidendi
478 1919 538 1967 te,
568 1919 612 1954 et
635 1926 732 1955 non
759 1908 1066 1971 suspicaberis
1088 1917 1264 1952 metum
1288 1908 1465 1952 mortis,
1495 1925 1516 1949 »

280 1986 403 2042 Quid
423 1987 549 2032 enim
568 1986 760 2034 remedii
783 1986 965 2032 afferret
991 1984 1129 2030 nobis
1152 1985 1281 2047 quod
1304 1984 1436 2029 multi
1461 1999 1615 2045 regem

214 2063 490 2125 placabilem
512 2073 555 2110 et
580 2064 857 2110 clementem
880 2064 1176 2118 invenerunt,
1200 2061 1280 2107 ubi
1297 2078 1405 2106 eum
1423 2077 1612 2118 saevum,

215 2150 391 2187 trucem
423 2151 560 2204 atque
596 2141 941 2204 implacabilem
967 2139 1346 2187 offenderemus?
1383 2140 1473 2186 Sed
1508 2157 1613 2185 cum

216 2218 325 2280 ipsi,
371 2228 421 2263 ut
455 2219 712 2277 retulimus,
738 2219 836 2280 ejus
858 2218 1125 2282 plenissima
1147 2217 1391 2263 securitate
1413 2216 1611 2273 suffulti,

214 2293 503 2339 confidenter
536 2294 596 2340 ad
628 2294 920 2340 clementiam
960 2310 1091 2339 suam
1126 2293 1355 2339 redeundi
1383 2293 1479 2354 jam
1503 2293 1614 2337 olim

215 2384 378 2413 ausum
401 2371 741 2433 acceperimus,
774 2371 1008 2432 talemque
1037 2370 1205 2429 fidem,
1240 2370 1426 2433 qualem
1457 2369 1615 2414 retuli-

215 2462 318 2490 mus
341 2447 476 2492 nobis
507 2458 758 2504 servatam,
791 2458 1080 2510 compertam
1104 2448 1272 2492 totiens
1294 2446 1611 2502 habuerimus,

216 2522 318 2582 quis
343 2538 453 2567 sana
475 2533 629 2567 mente
653 2524 894 2568 consulere
921 2524 1112 2569 auderet
1141 2534 1191 2568 ut
1218 2524 1384 2567 iterum
1409 2520 1493 2565 sub
1516 2522 1615 2582 ejus

217 2596 356 2641 tidem
377 2614 461 2642 nos
480 2600 769 2644 committere
783 2600 1054 2657 debeamus,
1077 2600 1207 2661 cujus
1224 2600 1361 2643 etiam
1376 2597 1613 2642 saeviorem

216 2682 352 2734 atque
370 2674 667 2720 immitiorem
691 2676 900 2722 animum
921 2677 1165 2722 adversum
1185 2691 1289 2725 nos,
1313 2674 1458 2718 multo
1473 2689 1613 2736 quam
