1875 2956
700 271 843 306 LIBER
872 270 1137 306 SECUNDUS.
1552 274 1624 307 373

228 358 315 404 sibi
342 358 683 415 conciliarunt,
733 357 919 419 suisque
964 358 1011 402 in
1050 357 1139 402 hac
1184 372 1234 401 re
1277 355 1515 401 desideriis
1559 373 1628 402 as-

226 434 504 480 sentientem
542 435 614 480 vel
652 434 932 480 invenerunt
964 433 1024 479 ad
1055 431 1391 496 opprimendas
1427 431 1629 477 ecclesiae

226 510 460 557 libertates
485 527 538 557 ac
566 510 933 573 jurisdictiones,
969 510 1041 555 vel
1067 509 1345 565 effecerunt,
1374 519 1424 553 ut
1454 508 1631 553 nullam

226 601 417 647 prorsus
463 602 518 630 ex
563 584 804 647 provincia
850 598 1039 627 causam
1079 598 1160 627 seu
1208 581 1505 644 praelatorum
1550 597 1630 626 seu

226 662 498 722 quorumvis
533 661 733 706 aliorum
759 658 818 703 ad
842 658 1015 703 dictam
1048 658 1325 721 parlamenti
1356 657 1533 702 curiam
1558 657 1630 702 vel

224 748 352 784 extra
389 738 547 800 patrico
579 736 694 781 fines
724 734 910 780 devolvi
946 743 1025 779 aut
1065 734 1249 779 tractari
1283 734 1535 798 patiantur.
1580 735 1631 778 Et

223 815 317 859 hoc
345 814 537 875 quidem
565 812 873 857 obtinuerunt
896 809 983 855 sub
1004 820 1225 873 praetextu
1252 810 1494 872 cujusdam
1519 827 1632 874 pra*—

224 892 341 937 tensi
378 889 635 953 privilegii,
673 887 851 950 quod«
890 897 1066 933 cartam
1102 889 1482 933 Normannorum
1503 906 1526 929 »
1551 903 1634 950 ap—

224 967 422 1031 pellant,
469 964 598 1029 quod
642 966 803 1027 utique
857 964 1023 1010 melius
1071 974 1117 1010 et
1170 965 1381 1010 veracius
1425 965 1634 1010 dicerent

223 1053 361 1105 atque
385 1043 685 1089 nominarent
711 1062 732 1086 «
764 1057 999 1088 carcerem
1033 1043 1418 1087 Normannorum
1437 1043 1463 1085 ¹.
1497 1059 1518 1083 »

682 1237 1019 1282 CAPITULUM
1059 1238 1158 1281 Vll.

225 1372 274 1404 De
291 1371 426 1418 injuriis
445 1383 521 1416 quae
539 1370 697 1417 quotidie
718 1371 868 1416 praelatis
886 1372 922 1404 in
941 1371 1161 1405 Normannia
1179 1371 1390 1412 inferuntur,
1411 1378 1535 1404 contra
1550 1382 1634 1415 quas

586 1429 721 1461 nullum
741 1428 923 1463 inveniunt
940 1430 1029 1475 juris
1048 1428 1257 1463 remedium.

290 1549 356 1592 Ita
376 1546 426 1592 fit
446 1556 496 1592 ut
516 1547 734 1609 quotiens
756 1547 922 1593 volunt
938 1557 983 1593 et
1000 1548 1047 1592 in
1066 1546 1442 1610 quibuscumque
1463 1547 1629 1604 causis,

219 1623 326 1685 jura
351 1623 649 1686 praelatorum
671 1633 715 1668 et
738 1623 1038 1670 ecclesiarum
1061 1624 1315 1687 provinciae
1329 1661 1340 1683 ,
1368 1623 1540 1686 quibus
1563 1624 1633 1668 in-

224 1699 466 1744 fensissimi
493 1699 733 1757 exsistunt,
756 1716 920 1744 eorum
939 1700 1287 1761 jurisdictiones
1310 1710 1354 1745 et
1378 1700 1628 1759 libertates,

225 1791 339 1837 quas
384 1776 612 1820 acerrimo
646 1785 997 1838 prosequuntur
1041 1776 1179 1835 odio,
1219 1775 1494 1835 deturbent,
1544 1791 1631 1821 ca-

225 1852 513 1897 lumnientur
548 1862 593 1897 et
633 1852 868 1911 auferant,
904 1869 1012 1898 cum
1060 1862 1268 1911 tantum,
1310 1853 1432 1915 proh
1460 1850 1626 1898 dolor!

226 1930 272 1973 in
316 1927 586 1990 hujusmodi
622 1928 803 1990 injuriis
835 1930 1028 1992 impune
1064 1929 1318 1974 inferendis
1352 1929 1550 1991 praelatis
1587 1939 1633 1974 et

224 2005 543 2050 ecclesiasticis
576 2005 786 2067 personis
824 2005 1000 2051 eisdem
1027 2005 1180 2064 liceat,
1215 2015 1444 2067 quantum
1469 2004 1626 2051 libeat.

227 2082 360 2127 Unde
403 2080 452 2126 fit
496 2091 546 2127 ut
587 2082 796 2143 quotidie
842 2082 1144 2128 ecclesiarum
1185 2082 1359 2145 praelati
1401 2098 1506 2127 suas
1552 2082 1631 2127 de-

227 2158 403 2204 turbari
431 2158 779 2220 jurisdictiones
814 2168 859 2205 et
884 2159 1200 2204 immunitates
1235 2159 1565 2205 ecclesiasticas
1587 2169 1633 2204 et

226 2235 446 2298 depcrdi,
476 2234 653 2297 absque
694 2235 789 2281 ullo
822 2235 938 2297 juris
976 2235 1204 2292 remedio,
1239 2236 1428 2282 videant
1460 2246 1504 2282 et
1538 2237 1632 2299 pati

229 2328 413 2357 necesse
454 2311 676 2357 habeant.
723 2311 864 2367 Quod
898 2312 1008 2357 viris
1043 2311 1265 2357 animosis
1306 2322 1352 2358 et
1395 2312 1509 2358 boni
1550 2313 1632 2357 zeli

227 2399 457 2451 quantum
480 2389 684 2449 doloris,
715 2390 959 2435 anxietatis
993 2400 1132 2452 atque
1161 2390 1425 2436 afflictionis
1453 2390 1630 2447 afferat,

227 2466 301 2510 vix
344 2465 625 2511 sufficienter
667 2467 865 2530 exprimi
905 2476 1078 2530 posset.
1126 2469 1228 2512 Jam
1266 2468 1476 2531 profecto
1525 2468 1632 2512 uni-

228 2541 414 2603 cuique,
444 2558 540 2586 non
566 2543 711 2589 modo
731 2543 878 2605 judici
902 2544 1041 2590 etiam
1069 2544 1371 2606 quantumvis
1392 2543 1630 2606 pedaneo,

284 2675 319 2710 1.
350 2674 419 2708 Jeu
440 2671 486 2707 de
506 2680 602 2708 mots
622 2673 686 2722 qui
712 2686 760 2710 ne
780 2673 950 2710 s‘entend
970 2675 1085 2723 qu'en
1106 2673 1264 2722 srancais
1283 2703 1292 2719 ,
1322 2672 1357 2709 le
1381 2681 1458 2709 mot
1488 2672 1636 2710 chartre

230 2735 428 2785 designant
443 2736 463 2770 ὲ
480 2733 516 2770 la
535 2733 603 2771 fois
624 2748 674 2771 un
698 2735 881 2786 privilege
900 2744 936 2773 et
956 2749 1030 2772 une
1048 2735 1194 2785 prison.
