1875 2956
712 206 851 240 LIBER
880 206 1072 241 PRIMUS.
1512 208 1586 242 25¹5

202 306 303 334 rum
341 290 643 336 dominorum
680 291 875 336 vinculis
917 292 1243 345 innectuntur,
1281 307 1388 335 cuni
1434 308 1586 337 revera

198 366 325 411 nulla
345 375 462 411 esset
485 367 651 428 gratia,
678 367 758 412 sed
789 367 941 412 verius
976 367 1035 412 ab
1070 368 1237 429 injuria
1257 404 1267 424 ,
1307 377 1351 412 et
1375 368 1590 429 equidem

198 441 465 504 gravissima
485 477 496 499 ‚
526 460 581 489 ex
613 453 743 507 parte
781 444 991 489 cessatio.
1028 446 1143 488 Nam
1173 443 1303 505 juxta
1338 459 1392 489 ea
1427 459 1528 505 quac
1567 461 1592 490 a

197 517 334 563 nobis
356 535 496 581 supra
518 519 654 565 latius
686 519 912 565 recensita
941 528 1065 574 sunt,
1100 519 1276 564 nullam
1309 535 1513 581 unquam
1544 520 1590 563 in

195 611 304 640 eum
338 594 649 641 offensionem
677 594 1012 641 rationabiliter
1041 594 1133 639 dici
1154 610 1402 657 possumus
1428 595 1595 656 injuria

196 672 450 718 admisisse.
474 673 564 728 Qui
587 673 623 717 si
643 673 741 733 ejus
764 687 985 733 germano
1003 687 1306 734 parueramus
1328 682 1407 717 aut
1431 673 1597 718 servie-

197 765 350 794 ramus
370 785 381 806 ,
406 759 655 812 postquam
678 749 830 794 eidem
854 747 1077 793 ducatum
1111 758 1155 793 et
1194 748 1443 811 imperium
1482 752 1596 794 Nor-

195 826 394 871 manniae
437 825 710 883 tradiderat,
749 824 1063 887 omnibusque
1093 825 1319 887 praelatis,
1356 825 1595 871 nobilibus

193 912 238 947 et
261 903 433 947 caeteris
460 902 712 964 provinciae
732 902 918 960 accolis,
948 911 1000 947 ut
1025 901 1178 947 eidem
1205 912 1422 964 parerent
1446 912 1491 947 et
1509 903 1595 947 ho·

193 979 327 1023 minii
342 989 480 1040 atque
494 978 727 1023 fidelitatis
741 978 1007 1040 juramenta
1019 987 1307 1041 pnrstarent,
1328 978 1596 1041 patentibus

193 1056 285 1101 suis
316 1056 476 1101 litteris
504 1055 773 1101 solemniter
809 1072 893 1118 per
932 1065 1080 1101 totam
1112 1056 1405 1118 provinciam
1441 1055 1596 1119 publi-

192 1133 304 1177 catis
333 1133 657 1190 mandaverat,
691 1132 881 1178 eosdem
907 1133 966 1179 ab
998 1133 1070 1178 his
1093 1150 1194 1195 quae
1232 1132 1319 1177 sibi
1354 1132 1592 1179 debebant

191 1220 271 1249 seu
308 1206 611 1266 praestiterant
647 1204 965 1264 absolvendo,
1002 1205 1118 1249 nihil
1150 1204 1350 1268 proinde
1387 1205 1594 1249 criminis

191 1281 428 1327 admisisse
448 1319 459 1339 ,
502 1282 683 1327 nullum
708 1282 857 1327 scelus
886 1291 1172 1345 perpetrasse
1203 1281 1305 1342 jure
1332 1283 1594 1343 meritoque

190 1359 368 1402 censeri
391 1358 659 1404 debuimus.
687 1359 819 1420 Atqui
844 1359 1056 1421 profecto
1081 1373 1243 1403 recens
1278 1373 1375 1402 non
1409 1367 1475 1402 est
1512 1367 1588 1414 ut,

189 1433 592 1494 quemadmodum

323 1551 478 1608 Saepius
500 1550 682 1592 oderunt
703 1566 820 1609 reges
841 1551 951 1592 dicta
973 1567 1065 1608 quae
1088 1551 1169 1593 dici
1184 1552 1351 1606 jubent,

191 1681 287 1710 non
325 1665 465 1710 etiam
504 1663 787 1709 dissimiliter
827 1662 1013 1708 oderint
1052 1674 1190 1725 atque
1234 1664 1433 1726 puniant
1474 1664 1591 1709 facta

189 1757 291 1802 quae
312 1740 410 1785 fieri
430 1741 681 1802 jusserunt.

253 1817 341 1862 Sed
362 1827 408 1862 et
431 1826 529 1862 esto
554 1816 682 1879 quod
705 1817 779 1863 vel
800 1834 855 1863 ex
874 1816 1147 1880 hujusmodi
1164 1815 1435 1861 obedientia
1452 1826 1592 1878 atque

189 1895 374 1939 servitio
413 1894 539 1939 fratri
573 1910 659 1939 suo
692 1893 934 1953 exhibitis,
975 1903 1055 1939 aut
1083 1894 1181 1939 aliis
1215 1893 1591 1956 quibuscumque

187 1971 351 2028 causis,
383 1970 431 2014 in
470 1987 579 2015 eum
616 1971 813 2016 crimina
851 1970 1210 2032 qualiacumque
1246 1969 1593 2015 admisissemus

187 2047 275 2092 sub
300 2047 546 2092 occasione
566 2047 639 2091 vel
659 2057 881 2110 praetextu
898 2047 1104 2092 civilium
1125 2047 1470 2091 dissensionum
1490 2063 1592 2108 quae

187 2123 364 2169 obortae
387 2124 570 2169 fuerant
591 2124 711 2169 inter
741 2124 895 2187 ipsum
926 2133 971 2169 et
998 2140 1133 2169 suum
1161 2139 1436 2184 germanum
1461 2133 1591 2168 caete-

188 2216 356 2261 rosque
379 2200 612 2263 principes
632 2200 672 2244 ei
691 2199 979 2245 adhaerentes
1003 2209 1142 2262 atque
1169 2199 1419 2245 foederatos
1440 2215 1450 2244 z
1469 2209 1592 2244 certe

188 2286 293 2338 post
325 2277 493 2321 totiens
520 2276 660 2322 factas
691 2285 736 2321 et
771 2276 917 2321 editas
954 2276 1190 2336 generales
1230 2277 1479 2322 amnestias
1513 2292 1588 2320 seu

190 2350 466 2397 abolitiones
488 2362 533 2397 et
558 2369 640 2415 per
664 2361 814 2397 totum
838 2367 1035 2412 regnum
1055 2352 1225 2397 totiens
1248 2350 1526 2396 tubicinatas
1550 2361 1592 2395 et

192 2429 520 2488 pra·001]izatas
560 2429 606 2473 in
641 2429 737 2473 vim
774 2438 819 2472 et
856 2427 1001 2472 robur
1040 2428 1263 2489 regalium
1303 2427 1588 2484 edictorum,

192 2517 293 2562 qua*
319 2512 413 2547 tam
438 2505 696 2564 generales,
735 2514 828 2550 tani
863 2504 1081 2566 plenariae
1104 2539 1114 2559 ,
1154 2515 1250 2549 tam
1286 2519 1509 2566 expressae
1551 2512 1595 2547 et

193 2576 414 2622 absolutae
446 2589 600 2637 erant,
638 2581 674 2625 si
697 2580 809 2641 quid
841 2580 888 2624 in
913 2595 969 2624 eo
993 2581 1222 2639 veritatis,
1251 2581 1287 2625 si
1314 2578 1428 2640 quid
1461 2578 1591 2635 fidei,

192 2652 228 2696 si
254 2652 367 2713 quid
400 2653 595 2714 pudoris
620 2664 717 2699 erat
750 2656 821 2698 vel
855 2655 1184 2707 humanitatis,
1211 2654 1340 2698 nullo
1365 2652 1512 2697 modo
1536 2653 1595 2697 al)
