1875 2956
273 188 348 223 190
639 188 978 225 HISTORIARUM
1006 189 1237 226 LUDOVICI
1267 192 1322 226 XI

274 275 458 321 suerunt
479 275 496 316 'z'
524 275 646 320 Dicit
679 275 805 319 enim
837 274 1201 337 sapientissimus
1235 275 1457 322 Salomon
1493 277 1538 321 in
1572 279 1683 323 Pro-

274 354 445 400 verbiis
468 354 596 417 quod
616 354 778 399 hostiae
800 354 1055 417 impiorum
1075 352 1413 401 abominabiles
1436 367 1542 402 sunt
1561 359 1679 416 Deo,

273 445 375 491 quae
409 430 672 475 offeruntur
690 446 746 475 ex
766 430 959 487 scetere3
985 440 1030 474 et
1058 430 1106 474 in
1134 429 1454 492 Ecclesiastico
1488 434 1683 495 legimus

274 506 405 569 quod
440 525 461 548 «
494 507 779 552 immolantis
801 523 856 552 ex
888 507 1051 568 iniquo
1078 505 1256 552 oblatio
1280 516 1347 552 est
1368 510 1598 556 maculata
1615 547 1626 569 ,
1656 528 1678 553 η

273 593 318 628 et
357 603 378 624 <c
417 599 514 628 non
557 593 663 629 sunt
704 583 1006 647 beneplacitae
1052 582 1442 630 subsannationes
1488 586 1682 648 injusto-

274 677 396 719 rum,
431 679 452 703 ›>
477 671 522 706 et
546 661 673 707 idem
693 662 835 725 paulo
856 671 988 725 post,
1018 681 1040 705 «
1066 663 1145 724 qui
1170 661 1305 707 offert
1328 660 1605 708 sacrificium
1623 663 1682 709 de

273 737 531 783 substantia
559 740 802 802 pauperis,
835 739 968 801 quasi
991 739 1070 801 qui
1093 739 1301 784 victimat
1330 738 1479 784 filium
1504 739 1551 783 in
1575 756 1684 786 con-

273 824 434 877 speetu
455 815 598 877 patris
619 817 689 861 sui
708 851 718 873 ,
751 835 772 858 »
799 814 879 879 [et]
906 836 927 857 α
956 816 1090 879 panis
1109 815 1345 877 egentium
1358 815 1452 860 vita
1470 817 1684 879 pauperis

273 901 362 947 est3
402 892 483 952 qui
519 892 763 938 defraudat
796 893 955 952 illum,
997 893 1144 938 homo
1182 893 1419 954 sanguinis
1449 902 1542 951 est,
1578 913 1601 937 »
1638 904 1684 940 et

277 989 298 1012 «
328 970 408 1031 qui
428 969 576 1015 aufert
601 970 647 1014 in
672 970 843 1015 sudore
863 987 1052 1034 panem,
1079 971 1210 1033 quasi
1232 970 1313 1032 qui
1336 970 1507 1016 occidit
1529 974 1683 1035 proxi-

276 1064 404 1091 mum
441 1064 595 1094 suum.
628 1065 650 1090 »
682 1051 802 1093 Eece
840 1057 1069 1110 quantum
1101 1057 1238 1109 gratae
1270 1057 1315 1092 et
1347 1057 1547 1110 acceptae¹
1577 1044 1683 1095 sunt

274 1123 333 1168 (le
356 1124 521 1187 rapina
539 1133 585 1170 et
610 1123 781 1169 sudore
805 1141 1067 1187 pauperum
1097 1124 1225 1170 saetae
1249 1123 1537 1185 oblationes,
1565 1126 1681 1172 sieut

277 1201 397 1247 illius
421 1203 519 1265 qui,
548 1211 654 1248 ante
677 1213 875 1265 patrem,
906 1212 1130 1248 mactaret
1154 1201 1301 1247 filium
1324 1219 1478 1247 suum.

339 1279 469 1325 Tales
507 1289 665 1325 autem
698 1279 836 1325 fuisse
875 1278 1137 1325 oblationes
1174 1288 1220 1324 et
1253 1279 1594 1341 eleemosynas,
1624 1279 1681 1324 de

277 1355 353 1400 tali
387 1366 601 1419 acceptas
637 1357 797 1413 luero,
831 1356 970 1418 hujus
1007 1356 1064 1401 de
1098 1373 1194 1418 quo
1227 1355 1366 1401 nobis
1394 1365 1463 1401 est
1499 1371 1678 1414 sermo,

278 1432 431 1477 nullus
467 1444 533 1478 est
569 1434 650 1495 qni
682 1434 871 1478 neseiat.
900 1433 1016 1488 Qui¹
1041 1434 1181 1479 etiam
1214 1443 1258 1478 et
1285 1448 1535 1495 pauperes,
1564 1448 1683 1494 quos

276 1508 638 1555 calumniatores
664 1510 730 1553 sui
757 1509 1009 1559 (malornm
1031 1510 1344 1571 auspicatores
1363 1519 1502 1570 atque
1519 1509 1681 1571 explo-

279 1594 470 1638 ratores,
497 1601 638 1646 quos,
675 1585 741 1629 uti
763 1585 985 1643 diximus,
1012 1601 1095 1647 per
1116 1601 1280 1629 omnes
1299 1585 1427 1645 regni
1448 1584 1517 1629 sui
1541 1600 1682 1644 angu-

278 1660 346 1704 los
379 1677 563 1723 sparsos
602 1661 837 1719 habebat)
867 1678 950 1724 per
978 1661 1263 1707 calumniam
1286 1661 1413 1707 vetut
1436 1660 1493 1706 de
1524 1661 1682 1722 aliquo

278 1753 360 1799 per
404 1754 484 1782 eos
522 1738 737 1798 nequiter
769 1738 896 1783 dieto
936 1747 1015 1783 aut
1053 1738 1173 1783 sacto
1212 1738 1509 1795 detulissent,
1556 1737 1685 1782 nullo

278 1814 444 1859 ordine
458 1814 708 1875 judiciario
728 1815 968 1880 convictos
986 1825 1030 1859 et
1051 1814 1299 1860 damnatos
1317 1814 1376 1859 ad
1396 1830 1539 1859 unam
1559 1813 1687 1859 obla-

279 1893 455 1936 tionem
482 1891 695 1954 pluresve
719 1892 802 1951 {sio
822 1892 947 1937 enim
974 1892 1121 1954 loqui,
1149 1901 1193 1937 et
1215 1892 1448 1955 appellare
1468 1891 1687 1953 hujusce-

279 1968 409 2012 modi
439 1969 602 2031 impias
627 1970 914 2015 extorsiones
941 1970 1101 2015 solitus
1126 1969 1243 2030 erat)
1264 1970 1455 2032 ipsemet
1479 1967 1681 2026 taxabat,

280 2055 320 2089 et
346 2047 547 2108 propriis
570 2046 789 2092 manibus
814 2047 1091 2110 plerumque
1115 2046 1386 2109 recipiebat,
1409 2062 1493 2091 suo
1517 2045 1687 2090 nihilo-

282 2123 435 2167 minus
482 2124 700 2187 improbo
754 2125 1080 2171 calumniatori
1129 2123 1295 2188 praedae
1345 2124 1561 2186 portione
1617 2138 1689 2168 re-

278 2200 403 2246 licta.

344 2280 422 2322 Har
445 2288 577 2323 erant
594 2280 811 2337 materiae,
828 2279 927 2323 haee
944 2279 1066 2340 juste
1089 2277 1329 2339 aequisita,
1346 2276 1445 2321 haec
1465 2293 1686 2340 compen·

280 2356 357 2400 (lia
380 2355 437 2400 de
461 2355 632 2417 quibus
656 2366 723 2401 tot
749 2355 1011 2401 oblationes
1035 2355 1240 2400 Domino
1265 2353 1513 2412 offerebat,
1548 2354 1683 2399 simul

280 2432 419 2477 etiam
441 2432 499 2477 de
523 2433 610 2478 illis
634 2433 761 2478 saevis
787 2443 925 2494 atque
948 2432 1294 2477 immanissimis
1323 2431 1550 2490 collectis,
1580 2431 1683 2494 qui—

282 2507 368 2553 bus
403 2508 755 2554 intolerabiliter
790 2517 1062 2570 aggravatos
1091 2507 1304 2554 subditos
1336 2508 1495 2570 inopia
1529 2507 1683 2570 profli-
1718 2551 1723 2557 ,

336 2667 369 2700 1.
408 2666 495 2711 Quae
513 2663 604 2700 dans
624 2664 658 2701 le
679 2677 747 2700 ms.
