1875 2956
255 181 302 214 ‘²2
616 182 951 217 HISTORIARUM
980 184 1211 220 LUDOVICI
1240 186 1291 220 XI

254 278 326 312 tus
350 268 549 314 militum
571 268 809 332 prasidio,
838 269 1050 327 accessit,
1072 270 1165 314 illic
1188 270 1374 318 duobus
1396 285 1475 319 aut
1503 274 1651 321 tribus

252 355 533 408 pernoctans
561 344 743 403 diebus,
778 345 812 389 si
839 344 954 390 forte
979 344 1041 390 ob
1066 348 1372 394 reverentiam
1402 354 1650 413 praesentiae

252 438 342 466 sure
368 421 584 478 rebelles,
610 422 800 466 meliore
834 431 1027 484 accepto
1052 422 1273 480 consilio,
1313 426 1644 489 resipiscerent.

251 498 341 543 Sed
362 515 416 544 ea
435 516 505 543 res
532 514 627 542 non
648 497 792 542 modo
807 497 1050 544 rebellium
1069 499 1252 545 animos
1266 499 1382 546 nihil
1401 504 1646 562 emollivit,

251 592 412 620 verum
434 575 603 637 potius,
628 574 758 637 quod
781 585 935 620 mente
957 586 1271 639 conceperant
1292 576 1472 637 odium,
1492 580 1651 627 adver-

250 669 326 698 sus
349 669 456 697 eum
475 651 760 697 manifestius
784 667 880 697 esse
899 653 1055 716 coepit.
1080 652 1279 699 Exibaut
1298 654 1424 699 enim
1440 656 1649 717 'quotidie

251 744 359 772 cum
391 726 593 772 rutheris
625 728 747 773 cives
773 727 969 773 rebelles
991 729 1051 774 ad
1073 729 1441 792 expugnandum
1465 746 1572 775 eum
1607 743 1651 778 et

250 819 382 862 suos,
424 803 460 848 si
493 820 588 865 quo
619 804 808 865 ingenio
837 821 861 849 e
885 805 1194 863 monasteriis,
1218 806 1263 850 in
1290 805 1461 868 quibus
1480 808 1651 853 consis-

248 879 408 925 tebant
430 880 528 942 ipse
549 890 593 925 et
615 881 715 940 sui,
743 881 790 925 iu
830 891 1040 944 patentes
1077 898 1270 946 campos
1313 898 1393 928 eos
1431 882 1648 944 educere,

247 955 317 1000 vel
342 956 389 1000 in
411 957 631 1001 stationes
654 973 759 1003 suas
782 958 825 1002 vi
863 957 935 1002 vel
968 967 1069 1003 astu
1092 958 1349 1021 irrumpere
1370 958 1643 1021 potuissent.

246 1034 359 1088 Quae
381 1033 680 1096 perpendens
715 1034 840 1080 idem
861 1034 1088 1097 pontifex,
1118 1035 1198 1097 qui
1231 1035 1488 1081 arthreticis
1509 1036 1647 1082 etiam

245 1109 540 1172 passionibus
585 1111 751 1155 acriter
787 1110 1059 1169 vexabatur,
1103 1120 1148 1156 et
1189 1111 1318 1172 quod
1349 1112 1394 1156 in
1423 1111 1648 1174 majorem

244 1187 465 1233 saevitiam
506 1197 645 1249 atque
685 1187 819 1246 odia,
857 1187 983 1233 unde
1014 1204 1094 1233 eos
1130 1188 1339 1250 mitigare
1375 1198 1644 1251 putaverat,

244 1273 407 1308 contra
440 1280 486 1308 se
527 1263 902 1323 inardescebant,
929 1264 1090 1310 relicto
1126 1264 1252 1310 dicto
1288 1264 1561 1323 conamine,
1588 1264 1645 1310 ad

244 1351 446 1386 castrum
461 1341 517 1386 de
545 1342 699 1402 Wyck
723 1341 946 1404 repedare
966 1342 1160 1388 curavit.

695 1532 1029 1578 CAPITULUM
1070 1534 1210 1577 XXV.

243 1665 292 1695 Dc
317 1663 511 1709 direptione
534 1663 657 1709 oppidi
685 1664 838 1697 Naerden
867 1677 887 1698 <t
910 1664 1058 1697 rutheris
1081 1664 1380 1709 Trajectensibus3
1411 1672 1444 1697 et
1465 1664 1644 1709 quomodo

290 1719 511 1752 Hollandrini
529 1719 623 1765 apud
639 1720 764 1752 turrim
783 1719 826 1753 de
844 1723 970 1761 Waert,
988 1733 1092 1764 quam
1111 1719 1331 1763 obsidebant,
1349 1720 1455 1765 fugati
1472 1721 1610 1753 fuerunt
1627 1733 1645 1753 a

288 1775 583 1819 Trajectensibus;
612 1783 642 1808 et
668 1774 848 1819 quomodo
875 1775 939 1820 ipsi
964 1776 1199 1818 Trajectenses
1226 1783 1400 1808 tentarunt
1431 1776 1644 1809 reconciliari

289 1830 370 1864 duci
390 1830 549 1873 Austriae‚
569 1832 700 1864 secluso
715 1843 776 1863 suo
798 1831 961 1876 pontifice
980 1832 1003 1865 ¹.

308 1949 371 1992 Ea
397 1955 671 2009 tempestate
710 1956 755 1991 et
786 1945 972 1991 turbine
1012 1948 1265 1991 vastatore²
1292 1944 1530 2003 saeviente,
1568 1961 1644 1989 ru-

246 2023 363 2067 theri
391 2023 469 2084 qui
502 2023 694 2085 'l'rajecti
724 2022 940 2068 collocati
964 2032 1124 2081 erant,
1152 2038 1261 2067 cum
1278 2021 1434 2066 multis
1456 2037 1511 2065 ex
1533 2021 1644 2065 civi—

247 2099 351 2158 bus,
373 2116 452 2162 per
472 2100 663 2145 insidias
686 2100 809 2145 cives
838 2099 1052 2163 oppiduli
1075 2099 1133 2144 de
1155 2098 1345 2144 Naerdis
1362 2097 1637 2157 Hollandize,

248 2176 362 2222 nihil
384 2176 550 2221 hostile
578 2176 636 2222 de
660 2176 1027 2239 'l'rajectensibus
1062 2176 1363 2238 suspicantes,
1404 2173 1485 2219 sed
1518 2190 1644 2218 com-

249 2253 528 2298 merciorum
551 2263 595 2297 et
617 2262 904 2297 commeatus
927 2251 1405 2296 communicationem
1428 2266 1535 2295 cum
1562 2251 1643 2295 eis-

247 2329 356 2375 dem
391 2338 602 2374 mutuam
647 2328 890 2385 habentes,
938 2327 1179 2390 intercepti
1207 2327 1349 2371 sunt³.
1395 2328 1512 2370 Nam
1557 2325 1642 2371 sub

298 2467 332 2499 1.
364 2462 538 2511 Cliapitre
564 2462 737 2511 imprime¹
774 2461 866 2498 dans
892 2461 944 2496 les
974 2463 1156 2495 Analecta
1180 2460 1226 2496 dc
1254 2459 1449 2496 Mattliaeus
1479 2467 1513 2494 et
1551 2459 1642 2495 (lans

242 2526 510 2573 l'Amplissima
533 2527 707 2560 collectio.

295 2590 331 2624 2.
364 2586 580 2627 Matthaeus,
602 2594 637 2621 et
657 2587 854 2622 vastacione
876 2590 1057 2621 sementis.

296 2652 331 2685 23.
367 2651 413 2685 10
434 2648 633 2684 decembre
655 2650 769 2685 1481.
793 2648 820 2684 ΙΙ
846 2647 1002 2683 faudrait
1025 2651 1306 2695 interceperant.
