1875 2956
674 233 815 268 LIBER
857 232 1121 268 SECUNDUS.
1531 231 1604 265 3133

204 332 272 369 est
291 321 370 383 qui
402 318 684 365 sufficienter
708 317 878 364 referre
908 319 981 363 vel
1014 317 1218 379 cogitare
1247 315 1409 378 possit.
1443 315 1509 359 Ad
1545 317 1609 361 ul-

204 399 399 455 timum,
425 396 738 442 existimantes
769 395 938 441 accolae
975 394 1135 457 patriae
1168 406 1413 454 nunquam
1446 390 1608 451 hujus-

202 475 333 522 modi
358 473 699 521 calamitatibus
722 474 815 518 suis
837 471 981 518 finem
1014 470 1169 517 afferri
1198 484 1358 532 posse,
1387 468 1474 512 nisi
1498 467 1608 513 inde

202 553 358 598 hostes
378 551 554 611 Anglici
578 549 877 612 pellerentur,
903 547 964 592 ad
980 546 1028 591 id
1064 543 1404 609 perficiendum
1428 552 1474 588 et
1494 558 1609 588 con-

203 627 539 675 summandum
573 626 667 687 regi
692 634 737 670 et
762 622 1056 686 principibus
1091 625 1382 667 Francorum
1407 620 1515 665 totis
1539 620 1610 665 vi-

203 705 331 751 ribus
353 715 398 750 et
422 701 717 749 facultatibus
753 699 993 763 cooperati
1033 708 1166 757 sunt,
1199 713 1498 760 summopere
1527 697 1609 743 de-

207 783 462 828 siderantes
502 779 589 825 sub
628 778 880 841 imperium
924 775 1042 821 illud
1075 774 1235 820 nobile
1272 784 1315 819 et
1346 774 1608 820 humanum

204 858 447 922 quondam
474 860 789 914 Francorum,
826 853 913 899 sub
937 870 1033 916 quo
1055 853 1169 898 olim
1198 868 1364 898 eorum
1396 852 1610 915 progeni-

204 946 326 982 tores
340 934 494 996 quiete
513 942 558 978 et
576 930 768 995 pacifice
785 931 833 976 in
850 930 979 976 bona
991 929 1204 976 libertate
1221 938 1266 975 et
1279 929 1610 991 tranquillitate

203 1010 458 1074 aliquando
482 1010 715 1068 vixerant,
741 1008 903 1054 reduci
928 1024 982 1053 ac
1005 1007 1204 1066 restitui,
1229 1023 1360 1069 spem
1385 1005 1610 1052 habentes

202 1088 329 1133 velut
355 1086 694 1143 indubitatam,
727 1086 764 1131 si
799 1085 847 1130 id
877 1083 1132 1146 aliquando
1162 1083 1335 1129 factum
1361 1082 1477 1128 foret
1493 1120 1504 1142 ,
1528 1099 1576 1129 se
1594 1120 1605 1142 ,

203 1165 345 1210 veluti
368 1164 656 1228 postliminio
680 1163 740 1209 ab
765 1161 980 1208 hostibus
1005 1170 1216 1224 receptos
1235 1170 1374 1222 atque
1400 1169 1605 1222 ereptos,

203 1244 404 1306 priscam
445 1244 575 1290 illam
606 1242 931 1306 pulcherrimae
964 1241 1211 1298 libertatis,
1252 1240 1436 1303 justitiae
1471 1250 1610 1302 atque

203 1321 509 1365 immunitatis
531 1320 734 1383 speciem
755 1355 766 1377 ,
795 1318 964 1381 quibus
997 1319 1067 1363 sui
1092 1318 1292 1379 majores
1324 1326 1431 1363 ante
1460 1316 1609 1362 bello-

202 1414 307 1442 rum
329 1397 614 1443 calamitates
633 1395 769 1458 potiti
802 1395 1001 1453 fuerant,
1028 1410 1305 1457 recuperare
1332 1392 1521 1438 debere.
1558 1397 1611 1438 Et

203 1474 294 1520 hoc
337 1475 529 1537 quidem
572 1473 763 1535 singulis
802 1471 1066 1518 civitatibus
1112 1481 1252 1532 atque
1288 1470 1474 1533 oppidis
1506 1486 1612 1532 pro-

201 1551 380 1607 vinciae,
415 1551 529 1595 dum
562 1550 622 1596 ab
657 1550 913 1611 Anglorum
948 1547 1147 1610 imperio
1181 1547 1302 1592 cives
1343 1545 1611 1593 deficientes

201 1644 298 1673 sese
332 1637 498 1691 sponte
530 1643 613 1672 sua
649 1626 875 1671 dederent
909 1625 1082 1670 Karolo
1114 1626 1221 1684 Vll,
1262 1631 1375 1670 tunc
1406 1628 1611 1670 Franco—

202 1720 307 1749 rum
350 1704 474 1765 regi,
518 1714 564 1749 et
599 1702 730 1765 quod
777 1702 908 1748 omni
950 1701 1304 1760 benevolentia,
1352 1701 1509 1747 favore
1556 1718 1611 1748 ac

202 1780 390 1826 lenitate
414 1780 628 1841 regendi,
655 1778 886 1825 tractandi
923 1787 969 1823 et
1004 1777 1315 1823 conservandi
1346 1787 1522 1838 essent,
1549 1777 1609 1824 ab

202 1858 303 1920 ipso
336 1873 441 1918 rege
485 1867 531 1902 et
569 1857 663 1902 suis
702 1854 900 1901 ducibus
939 1870 993 1901 ac
1028 1854 1250 1899 ministris
1288 1854 1611 1918 spondebatur

202 1943 342 1994 atque
365 1931 691 1996 pollicebatur.
721 1935 826 1988 Qua
852 1948 932 1994 spe
959 1931 1138 1989 allecti,
1168 1946 1333 1977 omnes
1362 1932 1442 1993 qui
1476 1943 1609 1995 pote-

202 2019 332 2069 rant,
369 2009 632 2055 deditiones
667 2008 818 2055 facere
853 2017 991 2070 atque
1027 2007 1282 2069 Anglorum
1321 2007 1608 2055 dominatio-

202 2102 311 2132 nem
335 2103 362 2133 a
387 2088 480 2133 suis
508 2096 722 2132 excutere
748 2085 1007 2132 cervicibus
1035 2086 1245 2132 certatim
1270 2085 1604 2149 properabant.

203 2163 289 2208 Sed
329 2162 456 2209 heu!
505 2173 736 2225 quantum
779 2163 934 2208 miseri
977 2162 1036 2208 ab
1072 2179 1153 2227 spe
1198 2179 1282 2209 sua
1322 2163 1606 2223 exciderint,

203 2256 439 2302 quamque
471 2240 708 2286 diversum
735 2239 796 2286 ab
827 2255 884 2285 eo
909 2239 1038 2301 quod
1073 2240 1137 2285 eis
1170 2239 1322 2285 fuerat
1346 2239 1608 2302 pollicitum

204 2332 228 2361 e
255 2317 442 2378 vestigio
464 2317 759 2373 invenerint,
788 2315 1167 2374 lamentabiliter,
1193 2317 1315 2379 proh
1348 2316 1506 2363 dolor!
1543 2318 1610 2363 ni-

204 2393 351 2439 mium
373 2404 481 2439 sunt
502 2394 694 2458 experti.
732 2396 983 2457 Coeperunt
1003 2395 1156 2440 statim
1180 2395 1344 2440 Franci
1371 2410 1450 2440 eos
1478 2396 1608 2441 omni

204 2471 497 2532 vectigalium
525 2481 570 2516 et
601 2471 909 2517 collationum
942 2489 1108 2533 genere
1143 2488 1339 2518 onerare
1361 2509 1372 2531 ,
1408 2472 1608 2517 militum

204 2547 481 2594 stationibus
506 2549 771 2611 opprimere
796 2559 841 2594 et
864 2550 1003 2595 variis
1029 2550 1230 2612 angariis
1258 2559 1302 2595 et
1324 2549 1608 2612 perangariis

204 2639 476 2685 aggravare,
502 2632 642 2685 atque
659 2659 670 2680 ,
699 2623 827 2669 duris
856 2624 1153 2671 servitutibus
1176 2624 1388 2686 adjectis,
1416 2639 1607 2668 omnem

204 2700 268 2744 eis
300 2716 430 2763 paene
469 2698 729 2745 libertatem
755 2700 959 2763 eripere,
998 2700 1116 2747 adeo
1150 2700 1361 2764 profecto
1387 2709 1436 2745 ut
1462 2699 1609 2764 publi-
