1875 2956
767 222 909 256 LIBER
950 220 1147 256 SEXTUS.
1601 224 1642 259 21

252 307 419 370 scripta
449 307 718 353 authentica
737 317 968 352 exstarent
991 316 1037 351 et
1056 303 1269 350 confecta
1294 303 1500 363 fuissent,
1527 317 1651 367 pete-

251 382 365 429 bant
391 393 441 429 ut
465 385 562 447 ipsa
591 383 914 446 hujuscemodi
947 382 1150 445 paternis
1174 380 1231 426 de
1253 396 1300 425 se
1329 381 1650 442 promissioni-

248 459 336 505 bus
354 460 481 506 sactis
513 477 752 507 assensum
771 475 908 504 suum
924 472 1132 504 annuere
1150 473 1203 502 ac
1240 465 1456 519 praestare
1481 456 1614 501 vellct
1641 476 1652 513 3

249 537 379 599 quod
401 538 436 582 si
458 538 605 583 facere
625 537 783 594 vellet,
816 534 990 580 habere
1016 550 1062 579 se
1084 533 1359 579 mandatum
1381 542 1654 595 procurato-

219 602 227 611 ·
250 612 391 658 rium¹
416 613 621 659 validum
640 629 666 658 a
683 612 807 656 dicto
825 611 986 656 illustri
1004 609 1340 667 MaximilianO,
1354 625 1528 672 sponso
1547 625 1650 665 suo,

251 689 308 734 de
333 689 563 735 firmando
585 705 691 733 cum
712 703 766 732 ea
788 703 971 732 sacrum
992 686 1197 747 conjugii
1217 686 1367 731 foedus
1381 721 1392 742 ,
1413 685 1552 731 etiam
1573 674 1665 747 per·

251 765 410 823 verba,
428 765 485 810 de
504 764 731 827 praesenti.
757 765 876 808 Sane
896 780 1004 808 cum
1020 762 1097 808 tali
1118 762 1307 824 conjugi
1325 771 1515 824 tamque
1533 762 1655 807 illus-

251 842 303 885 tri
330 841 539 903 copulari
559 840 773 885 eamdem
794 840 1120 902 principissam
1144 855 1309 884 omnes
1343 838 1485 883 ferme
1518 847 1655 883 terra-

249 934 355 962 rum
371 933 560 963 suarum
579 917 747 963 accolae
759 932 932 978 magno
952 915 1223 961 affectarent
1244 915 1493 973 desiderio,
1513 915 1654 976 idque

250 993 333 1055 ipsi
357 994 496 1038 etiam
519 993 683 1056 puellae
717 992 944 1055 placeret,
978 1008 1080 1054 quae
1112 991 1323 1054 profecto
1344 991 1441 1053 jam
1473 999 1655 1035 matura

249 1070 349 1114 xiro
379 1086 434 1115 ac
455 1069 626 1114 nubilis
642 1074 760 1130 (xerat
785 1084 926 1129 agens
952 1069 1096 1114 aetatis
1120 1068 1304 1113 circiter
1327 1084 1404 1111 xlx
1428 1066 1649 1128 annum),

249 1147 387 1207 longe
412 1147 566 1209 potius
591 1146 787 1191 nuberet
809 1146 932 1208 pari,
955 1146 1034 1191 tali
1057 1145 1276 1209 copulata
1292 1145 1459 1190 marito
1479 1181 1489 1202 ,
1512 1159 1654 1205 quam

250 1223 282 1267 si
312 1224 475 1286 nuptui
503 1224 657 1268 fuisset
681 1224 787 1269 data
811 1224 936 1284 regio
955 1222 1148 1281 delfino,
1172 1238 1319 1285 puero
1343 1223 1419 1267 vix
1439 1222 1650 1275 octenni,

249 1298 653 1361 quemadmodum
682 1300 779 1362 ipse
825 1316 903 1343 rex
946 1298 1044 1343 fieri
1090 1299 1301 1343 voluerat
1342 1298 1493 1358 (erant
1527 1297 1653 1341 enim

250 1375 590 1420 Mai-„imilianus
619 1385 663 1419 et
684 1376 838 1437 puella
869 1375 1075 1436 ejusdem
1102 1391 1248 1437 prope
1274 1374 1436 1436 aetatis)
1459 1393 1467 1419 :
1496 1375 1656 1437 paucis

249 1452 386 1512 igitur
404 1461 510 1513 post
539 1451 738 1496 emensis
759 1450 940 1509 diebus,
968 1452 1322 1497 matrimonium
1350 1452 1503 1515 ipsum
1525 1452 1654 1514 juxta

249 1527 553 1590 sponsionem
598 1538 846 1590 parentum
889 1537 957 1573 est
1002 1528 1280 1575 conclusum
1326 1539 1373 1574 et
1416 1528 1653 1575 firmatum

248 1604 387 1649 etiam
412 1620 494 1666 per
516 1603 660 1650 verba
686 1604 742 1650 de
785 1606 1039 1667 praesenti2.
1068 1607 1121 1650 Et
1148 1605 1423 1667 hujusmodi
1462 1605 1654 1667 quidem‘

250 1680 642 1726 matrimonialem
686 1690 979 1726 contractum
1015 1681 1356 1727 Maximilianus
1387 1698 1471 1744 per
1507 1682 1655 1743 legiti-

250 1773 379 1801 mum
402 1768 780 1820 procuratorem,
811 1757 1094 1803 sufficienter
1117 1757 1389 1817 fundatum,
1417 1758 1516 1821 ipsa
1541 1774 1652 1803 vero

249 1834 404 1896 puella
432 1851 515 1897 per
544 1835 768 1897 seipsam,
800 1836 936 1896 gestis
964 1834 1164 1898 publicis
1202 1834 1648 1893 interx‘enientibus,

249 1925 409 1955 coram
442 1910 655 1973 pluribus
681 1911 936 1956 illustribus
964 1911 1156 1957 testibus
1186 1912 1505 1975 perfecerunt,
1544 1929 1652 1956 cum

250 1987 393 2032 multa
418 1988 653 2034 alacritate
678 1998 722 2033 et
765 1988 919 2034 laetitia
955 1989 1169 2034 omnium
1203 1988 1295 2034 fere
1316 1989 1583 2034 accolarum
1609 1998 1653 2033 et

250 2062 546 2109 subditorum
564 2065 707 2127 ipsius
728 2065 1011 2128 principissae
1032 2075 1276 2111 terrarum.

313 2143 471 2201 Neque
497 2150 654 2186 tamen
687 2141 735 2186 id
770 2157 940 2202 negare
983 2142 1156 2200 ausim,
1183 2142 1483 2205 quamplures
1513 2142 1650 2186 etiam

251 2216 386 2261 fuisse
407 2217 464 2262 de
478 2216 674 2262 subditis
689 2218 1142 2281 ipsiusprincipissae‚
1168 2219 1266 2280 qui,
1282 2218 1342 2263 ad
1363 2218 1653 2264 obviandum

249 2293 457 2354 periculo
493 2294 623 2356 quod
656 2294 901 2339 imminere
925 2294 983 2339 de
1008 2296 1125 2355 regis
1161 2294 1485 2356 indignatione
1515 2304 1653 2355 atque

251 2368 512 2429 inimicitia,
535 2380 579 2415 et
602 2386 801 2433 praesens
835 2370 1191 2432 quodammodo
1218 2372 1514 2428 cernebatur,
1560 2386 1654 2415 ma-

251 2444 439 2491 luissent
456 2447 634 2510 placitis
659 2448 776 2509 regis
798 2447 933 2493 fuisse
962 2448 1354 2513 obtemperatum.
1393 2448 1552 2509 Atqui,
1590 2446 1654 2491 uti

248 2520 343 2580 jam
368 2522 585 2576 diximus,
612 2534 705 2570 tam
726 2540 870 2587 prava
893 2535 937 2569 et
957 2526 1141 2572 sinistra
1160 2527 1322 2589 opinio
1341 2526 1399 2571 de
1414 2525 1531 2585 regis
1551 2539 1654 2586 per-

307 2634 341 2669 1.
373 2637 648 2671 Procuratorem
671 2636 763 2673 dans
784 2637 817 2672 le
838 2637 1054 2673 manuscrit.

307 2695 344 2730 2.
377 2698 422 2731 Ξῖ
446 2696 538 2731 avril
567 2698 677 2733 1477.
