1875 2956
716 200 852 234 LIBER
882 198 1128 234 SEPTIMUS.
1545 200 1619 235 135

222 296 327 349 post
372 287 615 332 intervallo
658 303 753 332 sese
799 287 847 331 in
886 301 1041 347 regem
1083 283 1299 329 coronari
1345 282 1452 327 fecit
1494 286 1619 345 apud

221 362 526 408 Londonias².
556 363 808 408 Ferebatur
825 372 981 407 autem
1008 361 1100 407 hoc
1122 375 1170 405 se
1192 359 1350 404 colore
1369 358 1620 419 justificare

222 441 395 486 sactum
420 458 581 497 suum,
612 441 764 503 quod,
794 456 875 502 per
913 440 1159 499 antiquum
1209 436 1449 481 decretum
1491 438 1618 496 regni

221 535 300 564 seu
338 535 420 581 per
444 520 745 564 inveteratam
769 516 1159 562 consuetudinem
1175 549 1186 569 ‚
1224 512 1366 558 vidua
1384 512 1620 575 ipsiusque

221 594 377 652 liberi,
401 612 501 657 qua¹
522 611 604 657 per
634 594 836 654 aliquem
859 591 999 637 ducta
1034 591 1152 636 soret
1177 591 1225 635 in
1256 589 1527 650 conjugem,
1549 589 1620 634 in-

222 671 400 717 habiles
422 681 573 717 essent
591 671 651 716 ad
662 669 1003 715 successionem
1024 668 1154 729 regni
1171 703 1182 724 ‚
1204 668 1383 713 etiamsi
1407 667 1456 711 in
1480 683 1622 728 regno

221 758 264 792 et
287 765 314 793 a
337 764 441 809 rege
461 748 601 809 geniti
625 756 799 803 essent3
818 754 966 790 mater
982 754 1139 790 autem
1151 744 1325 790 horum
1336 742 1618 811 liberorum,

221 827 489 888 priusquam
523 825 583 871 ab
610 824 826 870 Edoardo
855 823 1143 885 acciperetur
1172 823 1220 867 in
1242 838 1464 878 uxorem,
1492 822 1622 867 alteri

221 903 321 947 viro
344 902 488 964 priori
519 901 686 946 marito
718 909 863 962 nupta
882 898 1072 944 fuerat².
1104 898 1196 944 Sed
1218 914 1278 944 an
1301 897 1417 943 illud
1440 907 1518 943 aut
1545 897 1624 943 de-

221 988 365 1034 creto⁷
410 987 485 1023 aut
511 987 662 1023 vetere
696 975 1036 1021 consuetudine
1062 975 1193 1036 regni
1229 975 1293 1020 ita
1323 973 1622 1019 observatum

222 1054 381 1113 suerit7
427 1070 523 1099 non
567 1052 827 1098 constabat.
868 1052 966 1097 Alio
1011 1061 1167 1097 autem
1187 1051 1200 1073 ³
1242 1067 1297 1096 ex
1338 1050 1487 1113 capite
1530 1049 1624 1094 hoc

221 1131 372 1193 ipsum
406 1130 656 1192 justificare
689 1128 949 1190 satagebat,
981 1127 1110 1190 quod
1133 1127 1304 1173 scilicet
1338 1136 1486 1172 mater
1507 1125 1621 1171 libe-

222 1224 381 1252 rorum
394 1207 651 1268 eademque
675 1207 833 1267 regina
846 1241 856 1261 ,
872 1205 1143 1267 priusquam
1153 1203 1381 1258 *Edoardo
1400 1202 1598 1247 nuberet
1608 1237 1619 1258 ‚

221 1284 350 1329 alteri
377 1285 492 1338 iim,
523 1284 603 1344 qui
633 1293 742 1327 tunc
781 1283 922 1327 etiam
948 1290 1176 1343 superstes
1212 1280 1349 1324 foret⁵
1387 1294 1495 1323 cum
1518 1293 1622 1322 eam

222 1361 464 1406 Edoardus
510 1361 554 1404 in
595 1359 844 1420 conjugem
885 1357 1152 1419 assumpsit,
1184 1354 1516 1400 matrimoniali
1547 1354 1623 1399 foe-

221 1435 329 1480 dere
360 1444 475 1479 esset
506 1433 739 1495 copulata.
769 1436 837 1477 De
863 1448 958 1493 quo
983 1441 1166 1487 tamen,
1194 1446 1280 1475 nec
1305 1429 1496 1492 quando
1518 1445 1623 1475 eam

220 1511 267 1554 in
286 1526 481 1555 uxorem
509 1519 751 1571 acceperat
775 1507 1034 1563 Edoardus,
1062 1523 1147 1552 nec
1171 1522 1279 1552 cum
1325 1507 1372 1552 in
1414 1506 1623 1567 reginam

219 1586 411 1633 inuncta
430 1586 543 1643 fuit,
572 1602 658 1632 nec
681 1585 909 1648 quamdiu
934 1583 1060 1630 idem
1102 1600 1182 1629 rex
1218 1583 1356 1641 vixit,
1384 1582 1507 1629 fama
1543 1599 1620 1628 seu

276 1790 311 1823 1.
346 1790 367 1824 6
385 1786 507 1833 juillet
528 1788 644 1824 1483.

275 1854 312 1888 2.
344 1846 533 1887 Elisabeth
570 1850 617 1888 de
643 1851 819 1900 Wydvile
835 1879 843 1895 ‚
871 1859 985 1887 avant
1010 1863 1076 1887 son
1100 1849 1219 1886 union
1239 1861 1332 1886 avec
1351 1841 1528 1885 Edouard
1550 1850 1599 1885 IV
1614 1877 1623 1893 ,

221 1913 321 1950 avait
345 1913 403 1949 ete
434 1913 712 1950 esseetivement
740 1913 877 1950 semine
909 1913 956 1949 de
979 1912 1064 1950 lord
1084 1913 1206 1961 Gray3
1238 1911 1330 1949 mais
1362 1911 1398 1948 la
1423 1910 1548 1947 raison
1572 1911 1625 1946 al-

221 1974 352 2025 leguee
371 1974 418 2011 ici
439 1988 506 2024 par
527 1975 688 2012 Thomas
713 1975 823 2012 Rasin
842 1975 939 2012 n’est
957 1988 1024 2025 pas
1036 1975 1129 2012 celle
1148 1974 1265 2024 qu'on
1281 1973 1323 2010 lit
1342 1973 1435 2009 dans
1451 1972 1627 2009 l'adresse

222 2050 295 2087 que
317 2036 481 2074 Richard
507 2051 546 2074 se
566 2038 606 2073 fii.
627 2038 820 2087 presentes
840 2050 907 2087 par
927 2037 1186 2087 Buckingham
1210 2049 1259 2073 au
1284 2036 1441 2072 chitteau
1465 2034 1511 2072 de
1531 2037 1625 2083 Bay-

222 2099 316 2136 nard
346 2106 382 2135 et
410 2099 473 2148 qui
500 2099 556 2135 sut
583 2100 728 2136 insen-(ze
759 2099 891 2149 depuis
921 2099 1013 2136 dans
1044 2111 1095 2135 un
1124 2108 1207 2135 acte
1235 2098 1285 2135 du
1316 2097 1540 2148 parlement.
1569 2099 1626 2133 On

222 2169 389 2198 comesta
417 2162 451 2197 la
485 2161 637 2198 validite
662 2160 712 2197 du
743 2161 906 2211 mariage
925 2153 1141 2198 d'Edouard
1159 2162 1210 2198 IV
1234 2172 1382 2197 comme
1407 2159 1541 2195 §etant
1563 2158 1628 2194 sait

224 2225 470 2261 secretement
483 2251 494 2266 ‚
515 2236 600 2260 sans
626 2223 858 2273 publication
873 2223 920 2260 de
934 2223 1029 2260 bans
1047 2231 1083 2260 et
1102 2236 1149 2260 en
1167 2223 1244 2260 lieu
1263 2222 1434 2273 profane.
1459 2222 1518 2258 On
1537 2220 1627 2257 alle-

224 2298 296 2335 gua
327 2286 425 2323 aussi
450 2298 525 2322 une
551 2285 668 2323 union
695 2286 909 2322 anterieure
936 2299 1010 2335 que
1039 2286 1074 2322 le
1102 2286 1165 2321 feu
1189 2284 1246 2322 roi
1271 2283 1392 2321 aurait
1414 2283 1628 2320 conti‘acte'e

225 2359 316 2383 avec
335 2360 409 2384 une
431 2355 538 2384 autre
558 2348 710 2385 semme.
733 2350 812 2384 [ἰοί.
836 2350 1024 2391 ΡαιἸαηι.,
1052 2349 1116 2395 Vl,
1138 2349 1230 2385 240.

280 2414 315 2450 3.
347 2413 473 2449 Phaet
494 2414 620 2450 etiam.

280 2478 317 2513 4.
348 2480 464 2514 Autre
486 2490 616 2514 erreur
637 2477 684 2513 de
712 2477 872 2513 Thomas
901 2477 1010 2513 Rasin
1040 2490 1089 2513 ou
1113 2476 1159 2513 de
1187 2474 1369 2525 l'opinion
1398 2474 1461 2523 qui
1487 2472 1630 2509 courait

230 2537 326 2573 alors
357 2551 403 2575 en
432 2538 630 2575 Hollande.
662 2538 786 2581 John,
821 2538 903 2574 lord
931 2539 1048 2586 Gmy,
1084 2538 1246 2587 premier
1282 2535 1373 2572 mari
1402 2528 1628 2570 &Elisabeth

230 2599 418 2647 Wydvile,
440 2601 527 2636 c'tait
547 2609 645 2636 mort
664 2613 709 2635 en
735 2602 826 2637 1461
843 2629 852 2645 ,
875 2602 893 2635 {1
914 2600 949 2635 la
963 2599 1114 2636 bataille
1134 2599 1180 2635 de
1200 2597 1445 2636 Saint-Alban
1463 2611 1471 2642 ς
1494 2595 1565 2633 elle
1585 2608 1631 2631 ne

233 2673 270 2696 se
292 2661 451 2698 remaria
471 2674 561 2698 avec
578 2662 611 2698 le
632 2661 688 2697 roi
707 2656 882 2697 Edouard
903 2661 1015 2710 qu¹en
1040 2663 1156 2698 1465.
