1875 2956
267 281 340 317 32ss
828 276 1076 313 APOLOGIA
1089 304 1098 320 ,

264 384 360 413 non
386 365 758 430 improbabiliter
781 363 1060 411 addubitare
1082 364 1188 410 fecit
1211 381 1287 424 ne,
1315 367 1367 425 si,
1399 366 1457 412 de
1480 367 1672 429 quibus-

263 460 466 506 cumque
495 452 537 487 et
562 442 965 504 qualitercumque
992 440 1224 486 roboratis
1251 441 1344 485 suis
1368 442 1531 489 confisi
1561 459 1670 507 pro-

264 519 592 578 missionibus,
627 519 673 564 in
710 528 854 563 terras
882 527 1223 563 reverteremur
1248 533 1341 562 suae
1372 517 1584 577 ditionis,
1621 530 1672 565 ut

264 614 362 643 non
393 597 596 643 deterius
626 595 936 659 suspicemur,
964 610 1100 658 pares
1127 594 1291 640 saltem
1325 594 1372 639 in
1406 596 1555 658 poenis
1584 597 1673 643 illis

264 675 357 720 suis
374 674 618 736 quondam
639 672 931 719 amicissimis
951 688 1038 718 nos
1057 670 1243 730 faceret,
1262 670 1435 716 scilicet
1451 672 1674 720 cardinali

263 750 412 795 Balcoe
451 761 496 796 et
539 749 821 795 Virdunensi
865 749 1113 813 episcopo,
1159 764 1278 810 quos
1317 748 1428 793 diris
1470 757 1516 793 et
1549 750 1675 795 tetris

263 827 557 890 mancipatos
587 825 855 872 carceribus
881 826 979 888 jam
1010 825 1155 872 ferme
1186 840 1272 888 per
1298 826 1673 887 quinquennium

264 904 513 949 asservavit
536 913 676 966 atque
700 912 927 960 asservat3
956 903 1021 948 ita
1041 902 1216 965 quippe
1244 911 1297 946 ut
1319 901 1367 946 in
1395 910 1527 947 tanto
1557 911 1674 947 tem-

263 979 391 1042 poris
427 994 658 1042 procursu
696 979 821 1023 viam
857 977 946 1023 sibi
984 978 1166 1041 aperire
1203 977 1388 1039 justitiae
1428 977 1676 1040 impetrare

265 1056 482 1102 nondum
505 1055 763 1118 potuerint,
790 1054 897 1099 licet
920 1070 1007 1117 pro
1032 1054 1143 1117 ipsis
1173 1070 1294 1117 saepe
1317 1053 1377 1099 ad
1402 1069 1511 1098 eum
1534 1053 1675 1099 finem

265 1133 436 1178 summi
483 1131 730 1195 pontifices
759 1140 804 1177 et
843 1129 1095 1192 collegium
1135 1130 1445 1176 cardinalium
1488 1146 1677 1191 magnas

266 1219 405 1272 atque
433 1210 727 1273 importunas
755 1207 948 1254 fecerint
971 1207 1256 1263 instantias¹;
1286 1206 1366 1252 sed
1395 1215 1441 1251 et
1462 1222 1548 1251 nec
1571 1206 1679 1252 hac-

265 1296 402 1333 tenus
417 1286 474 1332 de
495 1286 668 1349 quibus
688 1294 966 1331 accusentur
984 1283 1279 1341 criminibus,
1303 1300 1384 1330 seu
1404 1300 1491 1346 pro
1509 1283 1678 1346 quibus

266 1363 545 1426 deprehensi
566 1363 835 1424 detentique
863 1362 1054 1418 fuerint,
1085 1361 1307 1424 cuiquam
1329 1361 1437 1406 satis
1463 1360 1521 1406 ad
1544 1361 1677 1424 liqui-

268 1443 382 1488 dum
418 1453 713 1506 compertum
744 1443 981 1488 exstiterit.
1021 1444 1138 1487 Cum
1177 1441 1329 1497 enim,
1369 1450 1419 1485 ut
1448 1440 1674 1501 diximus,

267 1520 440 1583 praefati
466 1522 611 1565 nostri
636 1520 996 1566 calumniatores
1019 1521 1188 1564 totiens
1212 1519 1508 1581 impleverint
1533 1520 1679 1580 regias

268 1613 402 1642 aures
442 1597 570 1659 quod
615 1597 829 1642 omnium
863 1612 890 1642 a
934 1596 1069 1641 dictis
1109 1596 1307 1658 pra‘latis
1343 1596 1678 1642 intentatorum

269 1674 496 1718 scelerum
523 1674 661 1736 (quac,
689 1673 844 1735 qualia
868 1673 976 1731 sint,
1007 1672 1192 1735 penitus
1215 1672 1503 1734 ignoramus>
1523 1683 1681 1718 aucto·

269 1766 341 1795 res
363 1751 724 1812 inventoresque
752 1766 849 1795 esse
875 1748 1204 1805 debueramus,
1232 1764 1328 1792 non
1350 1747 1679 1793 irrationabili-

270 1836 355 1885 ter,
385 1837 436 1872 ut
459 1827 792 1881 existimamus,
815 1826 1084 1870 horrescere
1111 1833 1155 1869 et
1178 1823 1431 1869 formidare
1455 1823 1681 1870 debemus

272 1904 319 1947 in
344 1904 456 1949 tales
479 1903 686 1948 incidere
709 1919 892 1961 manus,
915 1901 997 1947 ubi
1017 1919 1104 1947 nec
1123 1901 1325 1963 legitime
1347 1903 1566 1962 accusati,
1594 1919 1681 1948 nec

266 1981 382 2042 juris
405 1981 571 2026 ordine
593 1980 795 2026 convicti
817 1980 889 2025 vel
910 1979 1125 2037 confessi,
1153 1978 1381 2041 supplicia
1405 1995 1677 2041 poenasque,

272 2058 572 2119 quantumvis
610 2058 819 2102 insontes
853 2066 992 2119 atque
1030 2055 1232 2111 innoxii,
1272 2054 1599 2117 penderemus.
1633 2057 1678 2100 Si

273 2135 376 2196 quis
411 2136 537 2179 enirn
572 2144 722 2179 metus
758 2150 854 2179 esse
890 2143 1064 2196 potest,
1102 2133 1182 2194 qui
1209 2132 1375 2177 cadere
1404 2131 1572 2177 debeat
1608 2133 1677 2177 vel

272 2212 414 2274 possit
441 2213 487 2256 in
515 2213 667 2257 virum
699 2221 1016 2269 constantem,
1049 2210 1188 2255 talem
1219 2209 1364 2263 hunc,
1393 2209 1473 2269 qui
1498 2225 1583 2254 nos
1617 2219 1680 2255 te-

274 2288 374 2333 nuit
404 2298 542 2349 atque
573 2288 738 2343 habet,
764 2287 974 2350 profecto
999 2288 1103 2348 jure
1135 2285 1315 2348 optimo
1343 2285 1517 2329 censeri
1543 2286 1672 2342 licet3

274 2365 512 2426 potissime
542 2381 649 2408 curn
675 2365 734 2409 ad
765 2381 873 2408 eum
900 2363 1231 2426 depellendum
1266 2378 1575 2423 securumque
1602 2363 1680 2407 ali-

273 2458 413 2503 quem
437 2440 659 2486 advcrsus
685 2457 792 2485 eum
817 2440 1108 2485 reddendum
1131 2440 1302 2484 nullius
1326 2439 1678 2502 qualiscumque

275 2518 503 2563 cautionis
524 2517 783 2562 remedium
808 2517 968 2562 efficax
990 2517 1097 2562 satis
1120 2526 1197 2562 aut
1222 2516 1424 2562 validum
1450 2533 1547 2562 esse
1570 2533 1677 2579 pos-

274 2596 346 2640 sit.
377 2594 466 2639 Ubi
503 2595 630 2640 enim
656 2611 742 2656 pro
770 2594 946 2655 justitia
981 2594 1078 2639 sola
1108 2595 1307 2656 imperat
1328 2594 1560 2651 voluntas,
1597 2593 1676 2638 ubi

328 2750 365 2785 1.
398 2750 492 2797 Voy.
516 2747 718 2793 ‹zi-(tessus,
743 2761 780 2797 p.
806 2750 895 2784 174.
