1875 2956
655 227 798 262 LIBER
828 226 1026 263 SEXTUS.
1465 226 1538 261 ¹23

146 331 249 360 rum
284 313 466 376 patriae,
493 314 541 358 in
572 315 825 359 exercitum
858 312 1223 359 Brabantionum
1244 310 1390 356 irruit.
1419 313 1535 368 Qui,

146 406 236 436 suae
262 389 517 435 molitionis
543 391 708 451 ignari,
735 406 843 436 eum
869 399 1056 436 strenue
1079 397 1124 433 et
1143 386 1335 432 viriliter
1352 400 1541 447 excepe-

146 476 274 525 runt,
301 466 479 529 fuitque
515 467 611 530 ipse
640 484 762 528 equo
795 466 1000 527 dejectus
1032 463 1187 510 occiso
1208 462 1294 508 sub
1322 479 1395 520 se;
1429 463 1507 507 sed
1526 500 1535 515 ‚

144 542 274 605 quod
297 544 422 589 triste
442 543 697 589 victoribus
714 542 821 600 fuit,
845 541 1029 603 adjutus
1051 557 1078 586 a
1101 540 1217 598 suis,
1245 539 1402 585 evasit.
1428 539 1541 584 Caesi

144 619 329 665 fuerunt
352 621 399 665 in
416 636 473 666 eo
491 620 710 666 conflictu
732 620 854 664 circa
872 635 991 663 cxxx
1015 617 1073 662 de
1096 617 1189 661 suis
1204 651 1215 673 ‚
1238 616 1359 679 capti
1376 632 1536 672 Lxxm,

144 698 293 742 caeteri
318 697 404 742 fusi
431 713 484 742 ac
507 696 716 760 dispersi.

208 776 309 837 lpse
335 784 512 830 autem,
548 782 686 818 nocte
711 772 789 818 illa
821 787 904 835 per
926 771 1075 833 sylvas
1101 780 1145 815 et
1174 770 1300 816 invia
1320 769 1542 816 errabun-

144 849 257 907 dus,
285 850 487 896 crastino
508 850 555 894 in
580 850 812 894 civitatem
840 848 1045 893 intravit.
1074 846 1139 892 Ad
1166 863 1306 909 quam
1331 847 1367 892 si
1397 848 1541 892 victo-

144 942 215 971 res
247 943 384 972 cursu
422 942 625 989 propero
661 924 913 970 adventare
947 933 1207 982 curassent,
1248 933 1381 968 erant
1419 924 1542 970 cives

144 1003 382 1065 utriusque
408 1018 563 1059 sexus,
605 1002 758 1065 pusilli
793 1011 837 1047 et
866 1001 1046 1062 magni,
1086 1001 1134 1044 in
1169 1000 1316 1062 portis
1347 1000 1542 1046 civitatis

142 1080 202 1126 ad
224 1096 304 1125 eos
328 1079 520 1143 pacifice
544 1078 852 1142 recipiendos.
881 1077 972 1124 Sed
992 1078 1083 1122 hoc
1099 1115 1110 1135 ‚
1139 1076 1540 1139 quemadmodum

142 1166 357 1219 perante,
385 1157 528 1202 altera
556 1156 657 1201 vice
687 1156 880 1200 minime
911 1154 1133 1200 fecerunt.
1164 1153 1299 1199 Unde
1322 1164 1365 1199 et
1388 1154 1543 1199 civita-

143 1233 198 1278 tis
217 1243 261 1278 et
284 1234 424 1279 totius
446 1233 604 1296 pati-ise
624 1242 762 1294 atque
788 1232 996 1295 ipsorum
1013 1231 1152 1277 etiam
1173 1229 1540 1276 Brabantionum

143 1326 239 1354 non
265 1310 411 1355 modo
433 1319 683 1373 prorogata
699 1345 710 1367 ,
745 1324 907 1353 verum
931 1308 1065 1353 etiam
1104 1307 1301 1352 adaucta
1327 1316 1394 1351 est
1424 1307 1543 1353 cala-

142 1385 291 1431 mitas.
331 1384 571 1441 Quamdiu
614 1384 770 1429 enim¹
815 1393 911 1429 tam
945 1383 1142 1429 efferum
1178 1392 1223 1427 et
1262 1383 1541 1429 acerrimum

140 1460 324 1506 hostem
342 1464 473 1523 juxta
497 1476 562 1519 se,
588 1460 684 1504 imo
706 1457 1063 1520 quodammodo
1088 1458 1210 1503 intra
1231 1458 1408 1504 viscera
1431 1475 1537 1515 sua,

139 1535 409 1594 habebant,
448 1551 545 1580 non
573 1550 732 1581 secure
767 1544 811 1580 et
844 1533 1021 1597 absque
1054 1549 1228 1597 pavore
1257 1544 1303 1579 et
1332 1534 1540 1597 periculo

141 1613 187 1657 in
213 1611 306 1657 suis
327 1613 540 1675 possunt²
562 1611 635 1656 vel
664 1611 806 1672 agris,
831 1611 900 1656 vel
929 1610 1114 1674 oppidis
1137 1611 1389 1672 quiescere.

205 1688 363 1733 Delusi
410 1688 567 1750 itaque
609 1687 838 1733 hactenus
884 1687 1197 1749 Trajectenses
1241 1687 1381 1733 etiam
1429 1705 1508 1751 spe
1526 1725 1537 1747 ‚

141 1780 283 1827 quam
311 1764 360 1808 in
392 1764 561 1810 auxilio
585 1763 696 1809 dicti
729 1763 936 1824 sacrilegi
967 1764 1151 1825 tyranni
1186 1763 1453 1809 Leodiensis
1476 1774 1543 1810 ut-

140 1855 341 1901 cumque
365 1850 693 1903 reposuerant,
717 1857 857 1902 quem
876 1839 989 1884 falso
1011 1839 1275 1901 frequenter
1300 1840 1540 1886 victoriam

141 1914 199 1960 de
238 1915 630 1962 Brabantionibus
665 1915 1013 1961 mentiebantur
1049 1915 1334 1974 obtinuisse,
1373 1916 1542 1962 nihilo-

141 1991 295 2037 minus
332 1993 379 2036 in
419 2008 502 2038 sua
534 1992 850 2038 obstinatione
883 1992 1140 2049 durabant,
1182 1991 1539 2056 tolerabantque

141 2069 373 2115 caristiam
403 2079 448 2115 et
483 2069 652 2116 famem
689 2070 1006 2133 plurimasque
1037 2069 1237 2127 inedias3
1276 2069 1335 2115 de
1370 2069 1540 2132 quibus

141 2145 359 2191 omnibus
377 2146 535 2203 facile,
563 2148 599 2192 si
620 2163 715 2192 non
747 2163 826 2192 eos
845 2147 1101 2209 pertinacia
1117 2163 1200 2193 sua
1224 2147 1469 2203 tenuisset,
1493 2165 1540 2193 se

140 2223 337 2268 eximere
360 2234 406 2269 et
428 2234 618 2287 pacatos
643 2222 837 2269 reddere
863 2223 1134 2286 potuissent.

194 2375 228 2409 1.
266 2376 335 2409 Ms.
359 2378 484 2411 etiam.

194 2436 231 2470 2.
263 2435 385 2471 Plutot
403 2446 591 2483 poterant.
