1875 2956
658 227 801 261 LIBER
851 225 1098 263 SEPTIMUS.
1524 229 1538 262 1
1552 229 1590 262 84

200 319 388 370 imque,
425 321 609 374 oportet
644 324 691 359 ut
726 314 819 359 fiat.
855 316 972 358 Cum
1000 327 1110 372 ergo
1147 311 1211 369 is,
1248 310 1307 355 de
1330 326 1426 372 quo
1465 313 1600 358 nobis

197 401 349 431 sermo
375 397 468 447 est⁷
489 390 555 434 uti
578 390 757 452 liquido
784 391 994 453 superius
1019 388 1188 452 patuit,
1229 387 1330 431 talis
1363 388 1497 433 suerit
1524 392 1601 451 qui

197 478 283 507 nec
313 465 564 525 promissa,
605 484 690 512 nec
719 467 898 528 jurata,
937 482 1023 510 nec
1056 465 1226 526 scripta
1251 474 1296 508 et
1324 464 1481 525 sigillis
1510 467 1602 510 suis

198 537 417 586 roborata
450 544 720 601 servaverit,
747 542 827 588 sed
863 558 949 604 pro
982 540 1114 586 libito
1145 540 1429 601 frequentius
1462 541 1603 587 xiola-

198 615 336 671 verit,
390 617 631 663 deficiente
679 618 863 679 justitiae
909 616 1238 674 fundamento,
1277 633 1385 662 cum
1419 617 1602 678 justitia²

197 705 386 750 prorsus
423 702 656 754 expertem
684 692 819 737 fuisse
852 691 981 737 fateri
1012 707 1198 737 necesse
1226 701 1308 736 est.

262 767 469 822 Qualiter
502 770 627 815 enim
670 769 898 832 promissa
954 768 1230 826 servaverit,
1271 784 1372 829 quae
1406 768 1603 813 solemni

196 856 486 890 sacramento
525 847 569 891 in
600 862 683 891 sua
706 845 1059 891 consecratione
1091 861 1172 890 seu
1198 846 1421 889 unctione
1449 846 1602 891 Remis

195 922 490 982 promiserat,
529 933 571 967 et
605 932 788 986 postea,
827 922 1007 967 Parisiis
1047 931 1283 984 receptus,
1326 922 1371 965 in
1409 922 1488 966 illo
1526 938 1602 967 ve-

198 996 391 1042 nerabili
427 998 599 1061 templo
636 998 780 1043 beata¹
812 999 991 1056 Mariw,
1033 997 1080 1042 in
1116 1013 1260 1042 manu
1300 998 1441 1060 ipsius
1476 998 1602 1043 urbis

196 1072 451 1133 pontificis,
487 1075 698 1119 iterarat¹
749 1074 825 1121 (de
861 1073 1185 1119 conservando
1224 1073 1435 1118 subditos
1473 1074 1600 1134 regui

196 1148 263 1191 sui
302 1150 346 1193 in
380 1149 555 1210 justitia
592 1160 635 1195 et
665 1149 848 1211 juribus
885 1150 1002 1205 suis,
1041 1149 1100 1194 (16
1132 1149 1361 1194 sei-wando
1399 1150 1602 1194 ecclesiae

197 1226 323 1284 regni
355 1235 399 1269 et
431 1224 489 1270 de
530 1226 705 1270 tuendo
742 1226 1036 1288 privilegium
1075 1225 1380 1283 canonicum,
1420 1225 1479 1270 de
1509 1243 1602 1270 ser-

197 1300 350 1345 vando
380 1302 611 1362 integrum
640 1312 683 1346 et
711 1318 808 1346 non
832 1301 1081 1347 alienando
1114 1301 1389 1346 domanium
1415 1316 1600 1346 coronae

196 1393 309 1435 suae,
345 1378 494 1439 „leque
516 1379 713 1423 alienata
746 1378 804 1423 acl
836 1378 912 1439 jus
936 1378 1078 1439 ipsius
1102 1377 1369 1422 revocando
1392 1386 1435 1421 et
1460 1388 1601 1423 retra-

195 1454 353 1499 hendo
384 1454 463 1517 [et]
500 1455 610 1510 alia,
651 1456 688 1499 si
721 1471 822 1516 quae
854 1463 982 1513 sunt,
1012 1455 1123 1499 dicti
1160 1454 1437 1499 sacramenti
1473 1455 1599 1517 capi-

195 1529 338 1591 tula‘2)
355 1567 366 1589 ‚
401 1532 482 1575 toti
515 1547 660 1591 regno
684 1541 729 1576 et
748 1531 832 1576 toti
856 1547 987 1593 paene
1012 1530 1115 1576 orbi
1147 1531 1399 1576 christiano
1424 1532 1595 1577 factum

194 1617 284 1664 est,
318 1607 437 1670 proh
476 1605 643 1652 dolor!
680 1608 1014 1670 conspicuum,
1048 1617 1093 1652 et
1127 1624 1180 1653 ex
1213 1608 1285 1653 his
1320 1625 1421 1669 qua·
1456 1624 1596 1671 supra

249 1767 284 1801 1.
316 1768 410 1814 Voy.
440 1769 540 1811 t.11,
574 1780 611 1816 p.
636 1768 698 1803 16.

248 1830 284 1863 2.
319 1828 422 1864 Yoici
449 1828 541 1864 ‹laus
574 1841 631 1864 ses
661 1842 818 1878 propres
853 1836 988 1865 termes
1011 1828 1047 1865 la
1074 1828 1235 1864 formule
1267 1828 1313 1864 (le
1340 1842 1381 1865 ce
1413 1837 1591 1866 serment.

196 1893 296 1925 Nous
324 1889 359 1926 la
383 1891 498 1926 tirons
518 1890 632 1927 d'une
652 1892 759 1940 copie
777 1904 851 1939 que
876 1889 994 1927 Louis
1020 1893 1094 1937 XI,
1118 1890 1183 1939 qui
1207 1891 1336 1927 n’etait
1362 1904 1428 1941 pas
1450 1904 1534 1927 sans
1557 1904 1598 1927 56

196 1951 287 1987 faire
315 1951 594 2000 quelques-uns
621 1952 686 1988 des
716 1952 921 2002 reproches
949 1965 1022 2001 que
1049 1961 1156 1988 notre
1181 1960 1316 1988 auteur
1340 1952 1393 1989 lui
1419 1951 1595 1999 adresse,

195 2026 342 2061 envoya
368 2014 596 2064 eure-gisnei·
615 2027 660 2050 au
685 2014 896 2063 parlement
915 2013 961 2049 de
980 2014 1084 2050 Paris
1104 2014 1139 2050 le
1158 2016 1207 2050 ⁴22
1229 2014 1324 2050 avril
1350 2015 1474 2060 1482,
1497 2014 1596 2052 dc'si-

195 2083 293 2120 rant,
319 2074 494 2122 disait-ss,
519 2076 725 2112 entretenir
745 2075 797 2112 les
817 2075 966 2112 articles
987 2075 1095 2111 dudit
1114 2084 1279 2112 serment
1298 2084 1334 2112 et
1354 2075 1445 2112 faire
1461 2076 1597 2122 justice

195 2136 215 2170 a
235 2135 379 2172 chacun
403 2150 410 2172 z
441 2154 456 2168 (ι
477 2139 566 2173 Haec
593 2136 737 2186 populo
762 2136 967 2172 christiano
990 2136 1082 2173 mihi
1108 2136 1279 2183 subdito,
1304 2136 1345 2173 in
1365 2137 1502 2174 Christi
1524 2150 1596 2174 no-

199 2213 217 2230 «
240 2198 360 2242 mine,
383 2198 577 2247 promitto.
604 2198 795 2247 Imprimis
822 2207 861 2234 ut
883 2197 1056 2234 Ecclesiae
1076 2198 1147 2235 Dei
1170 2199 1292 2235 omnis
1313 2199 1476 2249 populus
1497 2199 1597 2236 cliri-

199 2275 216 2291 α
239 2259 380 2295 stianus
404 2273 533 2296 veram
553 2273 684 2310 pacem
706 2268 832 2296 vestro
851 2259 1006 2296 arbitrio
1030 2268 1154 2296 servet
1173 2260 1276 2296 omni
1296 2268 1479 2310 tempore.
1503 2263 1595 2297 Item

201 2339 215 2352 κ
241 2330 280 2357 ut
300 2334 430 2358 omnes
459 2322 680 2372 rapacitates
705 2329 740 2358 ct
766 2321 983 2370 iniquitates
1006 2321 1053 2358 ab
1075 2321 1250 2358 omnibus
1275 2321 1455 2372 gradibus
1478 2323 1596 2358 inter-

202 2398 216 2412 «
242 2381 375 2418 (licam.
397 2385 491 2419 Item
517 2391 557 2419 ut
578 2383 616 2419 in
641 2381 817 2419 omnibus
833 2382 986 2427 jiuliciis
1006 2384 1220 2432 aequitatem
1241 2392 1278 2420 et
1297 2383 1594 2420 misericordiam

202 2458 218 2475 α
242 2444 470 2494 praecipiam,
497 2454 536 2481 ut
562 2445 653 2481 mihi
674 2453 709 2481 et
731 2444 836 2480 vobis
857 2444 1051 2494 indulgeat
1075 2459 1180 2481 suam
1200 2446 1494 2482 misericordiam
1517 2445 1597 2481 cle-

204 2521 218 2535 «
241 2517 346 2540 mens
377 2515 412 2542 et
437 2507 648 2543 misericors
679 2510 796 2543 Deus,
833 2510 925 2543 Item
958 2506 1005 2543 de
1031 2507 1293 2554 jurisdictione
1324 2507 1416 2542 mihi
1445 2506 1595 2543 subdita

205 2582 220 2595 a
245 2566 438 2603 universos
460 2567 654 2604 luereticos
671 2568 718 2604 ab
734 2569 899 2604 Ecclesia
914 2568 1006 2604 mihi
1025 2568 1221 2605 denotatos
1242 2582 1311 2619 pro
1335 2567 1475 2603 viribus
1499 2567 1595 2604 bona

206 2644 219 2657 n
250 2625 320 2661 [ide
351 2629 600 2665 exterminare
624 2629 782 2673 jubebo.
820 2632 907 2665 Haec
941 2630 1158 2678 supradicta
1184 2631 1291 2665 firmo
1318 2629 1550 2674 juramento.
1576 2648 1590 2660 n

203 2686 352 2721 Recueil
376 2688 546 2733 Legrand
571 2692 672 2731 [iuss.
695 2690 741 2724 ‹le
760 2690 792 2724 la
821 2690 916 2725 ΒΗΛ.
941 2691 1046 2738 ἰηη).’
1067 2719 1076 2729 ,
1100 2699 1125 2726 t.
1148 2693 1277 2726 XXIX
1302 2698 1337 2725 et
1356 2691 1481 2728 XXX.
