<?xml version="1.0" encoding="UTF-8"?>
<!DOCTYPE html PUBLIC "-//W3C//DTD XHTML 1.0 Transitional//EN"
    "http://www.w3.org/TR/xhtml1/DTD/xhtml1-transitional.dtd">
<html xmlns="http://www.w3.org/1999/xhtml" xml:lang="en" lang="en">
 <head>
  <title>
</title>
<meta http-equiv="Content-Type" content="text/html;charset=utf-8" />
  <meta name='ocr-system' content='tesseract 3.04.00' />
  <meta name='ocr-capabilities' content='ocr_page ocr_carea ocr_par ocr_line ocrx_word'/>
</head>
<body>
  <div class='ocr_page' id='page_1' title='image "./histoiredesrgn03basi_0218.png"; bbox 0 0 1875 2956; ppageno 0'>
   <div class='ocr_carea' id='block_1_1' title="bbox 245 287 1289 327">
    <p class='ocr_par' dir='ltr' id='par_1_1' title="bbox 245 287 1289 327">
     <span class='ocr_line' id='line_1_1' title="bbox 245 287 1289 327; baseline -0.002 0"><span class='ocrx_word' id='word_1_1' title='bbox 245 292 319 327; x_wconf 58' lang='lat'>266</span> <span class='ocrx_word' id='word_1_2' title='bbox 611 288 947 325; x_wconf 78' lang='lat' dir='ltr'><strong>HISTORIARUM</strong></span> <span class='ocrx_word' id='word_1_3' title='bbox 975 287 1209 324; x_wconf 86' lang='lat' dir='ltr'>LUDOVICI</span> <span class='ocrx_word' id='word_1_4' title='bbox 1236 290 1289 325; x_wconf 85' lang='lat' dir='ltr'>XI</span> 
     </span>
    </p>
   </div>
   <div class='ocr_carea' id='block_1_2' title="bbox 245 375 1672 2678">
    <p class='ocr_par' dir='ltr' id='par_1_2' title="bbox 245 375 1650 658">
     <span class='ocr_line' id='line_1_2' title="bbox 245 375 1648 442; baseline 0.001 -18"><span class='ocrx_word' id='word_1_5' title='bbox 245 377 486 442; x_wconf 72' lang='lat' dir='ltr'>quaedam,</span> <span class='ocrx_word' id='word_1_6' title='bbox 534 387 579 423; x_wconf 90' lang='lat' dir='ltr'>et</span> <span class='ocrx_word' id='word_1_7' title='bbox 623 375 816 439; x_wconf 87' lang='lat' dir='ltr'>quidem</span> <span class='ocrx_word' id='word_1_8' title='bbox 855 375 913 420; x_wconf 87' lang='lat' dir='ltr'>de</span> <span class='ocrx_word' id='word_1_9' title='bbox 953 375 1310 438; x_wconf 85' lang='lat' dir='ltr'>quamplurimis</span> <span class='ocrx_word' id='word_1_10' title='bbox 1337 393 1485 439; x_wconf 83' lang='lat' dir='ltr'>pauca</span> <span class='ocrx_word' id='word_1_11' title='bbox 1523 379 1648 425; x_wconf 91' lang='lat' dir='ltr'>colli-</span> 
     </span>
     <span class='ocr_line' id='line_1_3' title="bbox 245 452 1649 519; baseline -0.001 -17"><span class='ocrx_word' id='word_1_12' title='bbox 245 466 419 519; x_wconf 79' lang='lat' dir='ltr'><strong>gentes,</strong></span> <span class='ocrx_word' id='word_1_13' title='bbox 448 455 506 500; x_wconf 90' lang='lat' dir='ltr'>de</span> <span class='ocrx_word' id='word_1_14' title='bbox 539 454 609 499; x_wconf 89' lang='lat' dir='ltr'>his</span> <span class='ocrx_word' id='word_1_15' title='bbox 645 452 900 517; x_wconf 61' lang='lat' dir='ltr'>praesertim</span> <span class='ocrx_word' id='word_1_16' title='bbox 925 468 1027 515; x_wconf 84' lang='lat' dir='ltr'>quae</span> <span class='ocrx_word' id='word_1_17' title='bbox 1051 453 1099 497; x_wconf 91' lang='lat' dir='ltr'>in</span> <span class='ocrx_word' id='word_1_18' title='bbox 1139 452 1402 499; x_wconf 90' lang='lat' dir='ltr'>novissimis</span> <span class='ocrx_word' id='word_1_19' title='bbox 1424 456 1525 501; x_wconf 84' lang='lat' dir='ltr'>vitae</span> <span class='ocrx_word' id='word_1_20' title='bbox 1557 473 1649 501; x_wconf 72' lang='lat' dir='ltr'>suae</span> 
     </span>
     <span class='ocr_line' id='line_1_4' title="bbox 248 529 1650 596; baseline 0.001 -17"><span class='ocrx_word' id='word_1_21' title='bbox 248 532 539 596; x_wconf 84' lang='lat' dir='ltr'>temporibus</span> <span class='ocrx_word' id='word_1_22' title='bbox 560 532 669 593; x_wconf 85' lang='lat' dir='ltr'>egit,</span> <span class='ocrx_word' id='word_1_23' title='bbox 692 530 817 576; x_wconf 77' lang='lat' dir='ltr'>velut</span> <span class='ocrx_word' id='word_1_24' title='bbox 834 529 1072 594; x_wconf 83' lang='lat' dir='ltr'>epilogum</span> <span class='ocrx_word' id='word_1_25' title='bbox 1093 529 1348 593; x_wconf 84' lang='lat' dir='ltr'>quemdam</span> <span class='ocrx_word' id='word_1_26' title='bbox 1370 534 1650 580; x_wconf 80' lang='lat' dir='ltr'><strong>texuerimus</strong></span> 
     </span>
     <span class='ocr_line' id='line_1_5' title="bbox 246 613 701 658; baseline -0.009 0"><span class='ocrx_word' id='word_1_27' title='bbox 246 613 469 658; x_wconf 85' lang='lat' dir='ltr'>virtutum</span> <span class='ocrx_word' id='word_1_28' title='bbox 495 626 701 654; x_wconf 87' lang='lat' dir='ltr'>suarum.</span> 
     </span>
    </p>

    <p class='ocr_par' dir='ltr' id='par_1_3' title="bbox 247 686 1662 1676">
     <span class='ocr_line' id='line_1_6' title="bbox 312 686 1651 749; baseline 0.002 -17"><span class='ocrx_word' id='word_1_29' title='bbox 312 691 379 732; x_wconf 85' lang='lat' dir='ltr'>De</span> <span class='ocrx_word' id='word_1_30' title='bbox 416 703 625 749; x_wconf 59' lang='lat' dir='ltr'>persona?</span> <span class='ocrx_word' id='word_1_31' title='bbox 661 686 854 749; x_wconf 87' lang='lat' dir='ltr'>quidem</span> <span class='ocrx_word' id='word_1_32' title='bbox 891 686 1033 749; x_wconf 89' lang='lat' dir='ltr'>ipsius</span> <span class='ocrx_word' id='word_1_33' title='bbox 1070 686 1300 747; x_wconf 83' lang='lat' dir='ltr'>elegantia</span> <span class='ocrx_word' id='word_1_34' title='bbox 1331 695 1377 732; x_wconf 92' lang='lat' dir='ltr'>et</span> <span class='ocrx_word' id='word_1_35' title='bbox 1413 698 1651 735; x_wconf 85' lang='lat' dir='ltr'>venustate</span> 
     </span>
     <span class='ocr_line' id='line_1_7' title="bbox 249 763 1652 828; baseline 0 -19"><span class='ocrx_word' id='word_1_36' title='bbox 249 781 344 809; x_wconf 87' lang='lat' dir='ltr'>non</span> <span class='ocrx_word' id='word_1_37' title='bbox 385 780 503 827; x_wconf 86' lang='lat' dir='ltr'>opus</span> <span class='ocrx_word' id='word_1_38' title='bbox 542 773 611 809; x_wconf 84' lang='lat' dir='ltr'>est</span> <span class='ocrx_word' id='word_1_39' title='bbox 640 764 824 822; x_wconf 78' lang='lat' dir='ltr'>dicere3</span> <span class='ocrx_word' id='word_1_40' title='bbox 866 763 971 825; x_wconf 83' lang='lat' dir='ltr'>qui,</span> <span class='ocrx_word' id='word_1_41' title='bbox 1007 779 1116 808; x_wconf 90' lang='lat' dir='ltr'>cum</span> <span class='ocrx_word' id='word_1_42' title='bbox 1155 780 1291 809; x_wconf 85' lang='lat' dir='ltr'>crura</span> <span class='ocrx_word' id='word_1_43' title='bbox 1315 773 1360 808; x_wconf 89' lang='lat' dir='ltr'>et</span> <span class='ocrx_word' id='word_1_44' title='bbox 1383 763 1518 809; x_wconf 87' lang='lat' dir='ltr'>tibias</span> <span class='ocrx_word' id='word_1_45' title='bbox 1551 781 1652 828; x_wconf 87' lang='lat' dir='ltr'>per-</span> 
     </span>
     <span class='ocr_line' id='line_1_8' title="bbox 247 841 1653 905; baseline 0.001 -18"><span class='ocrx_word' id='word_1_46' title='bbox 247 842 386 888; x_wconf 76' lang='lat' dir='ltr'>exiles</span> <span class='ocrx_word' id='word_1_47' title='bbox 441 841 670 901; x_wconf 77' lang='lat' dir='ltr'>liaberet,</span> <span class='ocrx_word' id='word_1_48' title='bbox 732 842 845 888; x_wconf 76' lang='lat' dir='ltr'>facie</span> <span class='ocrx_word' id='word_1_49' title='bbox 900 851 1055 887; x_wconf 89' lang='lat' dir='ltr'>tamen</span> <span class='ocrx_word' id='word_1_50' title='bbox 1102 841 1219 887; x_wconf 88' lang='lat' dir='ltr'>nihil</span> <span class='ocrx_word' id='word_1_51' title='bbox 1275 842 1540 905; x_wconf 87' lang='lat' dir='ltr'>speciosum</span> <span class='ocrx_word' id='word_1_52' title='bbox 1586 843 1653 888; x_wconf 82' lang='lat' dir='ltr'>vel</span> 
     </span>
     <span class='ocr_line' id='line_1_9' title="bbox 247 917 1656 980; baseline -0.001 -16"><span class='ocrx_word' id='word_1_53' title='bbox 247 919 475 965; x_wconf 81' lang='lat' dir='ltr'>decorum</span> <span class='ocrx_word' id='word_1_54' title='bbox 501 918 723 964; x_wconf 88' lang='lat' dir='ltr'>habebat.</span> <span class='ocrx_word' id='word_1_55' title='bbox 765 919 912 975; x_wconf 88' lang='lat' dir='ltr'>Quin,</span> <span class='ocrx_word' id='word_1_56' title='bbox 944 919 981 964; x_wconf 90' lang='lat' dir='ltr'>si</span> <span class='ocrx_word' id='word_1_57' title='bbox 1015 919 1291 964; x_wconf 87' lang='lat' dir='ltr'>occurrisset</span> <span class='ocrx_word' id='word_1_58' title='bbox 1326 917 1494 964; x_wconf 86' lang='lat' dir='ltr'>obvius</span> <span class='ocrx_word' id='word_1_59' title='bbox 1524 919 1656 980; x_wconf 85' lang='lat' dir='ltr'>igno-</span> 
     </span>
     <span class='ocr_line' id='line_1_10' title="bbox 247 995 1656 1059; baseline 0.001 -18"><span class='ocrx_word' id='word_1_60' title='bbox 247 997 367 1042; x_wconf 86' lang='lat' dir='ltr'>ranti</span> <span class='ocrx_word' id='word_1_61' title='bbox 406 1013 538 1056; x_wconf 87' lang='lat' dir='ltr'>eum,</span> <span class='ocrx_word' id='word_1_62' title='bbox 573 996 730 1059; x_wconf 87' lang='lat' dir='ltr'>potius</span> <span class='ocrx_word' id='word_1_63' title='bbox 767 1012 927 1042; x_wconf 83' lang='lat' dir='ltr'>scurra</span> <span class='ocrx_word' id='word_1_64' title='bbox 961 996 1033 1041; x_wconf 86' lang='lat' dir='ltr'>vel</span> <span class='ocrx_word' id='word_1_65' title='bbox 1064 995 1281 1054; x_wconf 86' lang='lat' dir='ltr'>bibulus,</span> <span class='ocrx_word' id='word_1_66' title='bbox 1320 996 1390 1041; x_wconf 90' lang='lat' dir='ltr'>vel</span> <span class='ocrx_word' id='word_1_67' title='bbox 1425 996 1656 1059; x_wconf 85' lang='lat' dir='ltr'>quispiam</span> 
     </span>
     <span class='ocr_line' id='line_1_11' title="bbox 249 1071 1657 1134; baseline 0 -16"><span class='ocrx_word' id='word_1_68' title='bbox 249 1074 349 1118; x_wconf 81' lang='lat' dir='ltr'>vilis</span> <span class='ocrx_word' id='word_1_69' title='bbox 372 1072 682 1129; x_wconf 87' lang='lat' dir='ltr'>conditionis,</span> <span class='ocrx_word' id='word_1_70' title='bbox 721 1088 865 1134; x_wconf 89' lang='lat' dir='ltr'>quam</span> <span class='ocrx_word' id='word_1_71' title='bbox 899 1088 979 1117; x_wconf 81' lang='lat' dir='ltr'>rex</span> <span class='ocrx_word' id='word_1_72' title='bbox 1001 1072 1074 1117; x_wconf 65' lang='lat' dir='ltr'>vel</span> <span class='ocrx_word' id='word_1_73' title='bbox 1107 1072 1255 1117; x_wconf 89' lang='lat' dir='ltr'>homo</span> <span class='ocrx_word' id='word_1_74' title='bbox 1290 1071 1486 1134; x_wconf 87' lang='lat' dir='ltr'>alicujus</span> <span class='ocrx_word' id='word_1_75' title='bbox 1509 1072 1657 1134; x_wconf 87' lang='lat' dir='ltr'>digni-</span> 
     </span>
     <span class='ocr_line' id='line_1_12' title="bbox 248 1148 1657 1213; baseline 0 -18"><span class='ocrx_word' id='word_1_76' title='bbox 248 1152 352 1196; x_wconf 82' lang='lat' dir='ltr'>tatis</span> <span class='ocrx_word' id='word_1_77' title='bbox 377 1150 593 1195; x_wconf 75' lang='lat' dir='ltr'>aestimari</span> <span class='ocrx_word' id='word_1_78' title='bbox 615 1149 855 1213; x_wconf 88' lang='lat' dir='ltr'>potuisset.</span> <span class='ocrx_word' id='word_1_79' title='bbox 901 1148 1035 1194; x_wconf 87' lang='lat' dir='ltr'>Unde</span> <span class='ocrx_word' id='word_1_80' title='bbox 1055 1165 1082 1195; x_wconf 92' lang='lat' dir='ltr'>a</span> <span class='ocrx_word' id='word_1_81' title='bbox 1100 1149 1363 1209; x_wconf 84' lang='lat' dir='ltr'>nonnullis,</span> <span class='ocrx_word' id='word_1_82' title='bbox 1386 1149 1657 1212; x_wconf 88' lang='lat' dir='ltr'>priusquam</span> 
     </span>
     <span class='ocr_line' id='line_1_13' title="bbox 251 1227 1660 1292; baseline -0.001 -18"><span class='ocrx_word' id='word_1_83' title='bbox 251 1228 426 1288; x_wconf 89' lang='lat' dir='ltr'>obiret,</span> <span class='ocrx_word' id='word_1_84' title='bbox 448 1229 661 1292; x_wconf 86' lang='lat' dir='ltr'>leprosus</span> <span class='ocrx_word' id='word_1_85' title='bbox 684 1227 820 1273; x_wconf 85' lang='lat' dir='ltr'>fuisse</span> <span class='ocrx_word' id='word_1_86' title='bbox 844 1236 1044 1273; x_wconf 88' lang='lat' dir='ltr'>assertus</span> <span class='ocrx_word' id='word_1_87' title='bbox 1066 1237 1150 1273; x_wconf 88' lang='lat' dir='ltr'>est.</span> <span class='ocrx_word' id='word_1_88' title='bbox 1176 1228 1260 1273; x_wconf 91' lang='lat' dir='ltr'>Cui</span> <span class='ocrx_word' id='word_1_89' title='bbox 1281 1237 1327 1273; x_wconf 91' lang='lat' dir='ltr'>et</span> <span class='ocrx_word' id='word_1_90' title='bbox 1349 1227 1660 1274; x_wconf 87' lang='lat' dir='ltr'>conveniebat</span> 
     </span>
     <span class='ocr_line' id='line_1_14' title="bbox 251 1305 1661 1369; baseline 0.001 -19"><span class='ocrx_word' id='word_1_91' title='bbox 251 1306 381 1368; x_wconf 84' lang='lat' dir='ltr'>quod</span> <span class='ocrx_word' id='word_1_92' title='bbox 416 1322 514 1351; x_wconf 91' lang='lat' dir='ltr'>non</span> <span class='ocrx_word' id='word_1_93' title='bbox 541 1322 776 1369; x_wconf 83' lang='lat' dir='ltr'>purpura,</span> <span class='ocrx_word' id='word_1_94' title='bbox 803 1314 854 1350; x_wconf 87' lang='lat' dir='ltr'>ut</span> <span class='ocrx_word' id='word_1_95' title='bbox 890 1321 992 1363; x_wconf 88' lang='lat' dir='ltr'>rex,</span> <span class='ocrx_word' id='word_1_96' title='bbox 1033 1305 1107 1351; x_wconf 89' lang='lat' dir='ltr'>vel</span> <span class='ocrx_word' id='word_1_97' title='bbox 1131 1316 1256 1351; x_wconf 91' lang='lat' dir='ltr'>veste</span> <span class='ocrx_word' id='word_1_98' title='bbox 1279 1305 1436 1368; x_wconf 90' lang='lat' dir='ltr'>aliqua</span> <span class='ocrx_word' id='word_1_99' title='bbox 1458 1306 1661 1368; x_wconf 88' lang='lat' dir='ltr'>pretiosa</span> 
     </span>
     <span class='ocr_line' id='line_1_15' title="bbox 250 1381 1662 1443; baseline 0.001 -17"><span class='ocrx_word' id='word_1_100' title='bbox 250 1392 295 1426; x_wconf 86' lang='lat' dir='ltr'>et</span> <span class='ocrx_word' id='word_1_101' title='bbox 324 1382 482 1439; x_wconf 85' lang='lat' dir='ltr'>talari,</span> <span class='ocrx_word' id='word_1_102' title='bbox 513 1393 566 1427; x_wconf 92' lang='lat' dir='ltr'>ut</span> <span class='ocrx_word' id='word_1_103' title='bbox 590 1391 830 1443; x_wconf 86' lang='lat' dir='ltr'>magnates</span> <span class='ocrx_word' id='word_1_104' title='bbox 865 1382 1027 1441; x_wconf 86' lang='lat' dir='ltr'>decet,</span> <span class='ocrx_word' id='word_1_105' title='bbox 1067 1381 1150 1427; x_wconf 89' lang='lat' dir='ltr'>sed</span> <span class='ocrx_word' id='word_1_106' title='bbox 1181 1382 1261 1428; x_wconf 82' lang='lat' dir='ltr'>vili</span> <span class='ocrx_word' id='word_1_107' title='bbox 1296 1382 1583 1443; x_wconf 82' lang='lat' dir='ltr'>frequentius</span> <span class='ocrx_word' id='word_1_108' title='bbox 1617 1392 1662 1427; x_wconf 85' lang='lat' dir='ltr'>et</span> 
     </span>
     <span class='ocr_line' id='line_1_16' title="bbox 251 1458 1658 1522; baseline 0 -19"><span class='ocrx_word' id='word_1_109' title='bbox 251 1458 488 1504; x_wconf 77' lang='lat' dir='ltr'>interdum</span> <span class='ocrx_word' id='word_1_110' title='bbox 508 1459 568 1504; x_wconf 93' lang='lat' dir='ltr'>ad</span> <span class='ocrx_word' id='word_1_111' title='bbox 588 1469 718 1505; x_wconf 90' lang='lat' dir='ltr'>nates</span> <span class='ocrx_word' id='word_1_112' title='bbox 736 1475 881 1521; x_wconf 88' lang='lat' dir='ltr'>usque</span> <span class='ocrx_word' id='word_1_113' title='bbox 895 1459 1137 1504; x_wconf 79' lang='lat' dir='ltr'>dumtaxat</span> <span class='ocrx_word' id='word_1_114' title='bbox 1151 1458 1452 1522; x_wconf 86' lang='lat' dir='ltr'>operiebatur</span> <span class='ocrx_word' id='word_1_115' title='bbox 1468 1459 1658 1504; x_wconf 87' lang='lat' dir='ltr'>amictu.</span> 
     </span>
     <span class='ocr_line' id='line_1_17' title="bbox 253 1536 1661 1599; baseline 0.001 -19"><span class='ocrx_word' id='word_1_116' title='bbox 253 1536 389 1581; x_wconf 86' lang='lat' dir='ltr'>Unde</span> <span class='ocrx_word' id='word_1_117' title='bbox 409 1553 576 1596; x_wconf 85' lang='lat' dir='ltr'>unum,</span> <span class='ocrx_word' id='word_1_118' title='bbox 605 1536 735 1599; x_wconf 90' lang='lat' dir='ltr'>quod</span> <span class='ocrx_word' id='word_1_119' title='bbox 758 1546 1007 1599; x_wconf 86' lang='lat' dir='ltr'>propterea</span> <span class='ocrx_word' id='word_1_120' title='bbox 1027 1536 1074 1581; x_wconf 91' lang='lat' dir='ltr'>in</span> <span class='ocrx_word' id='word_1_121' title='bbox 1095 1552 1204 1581; x_wconf 90' lang='lat' dir='ltr'>eum</span> <span class='ocrx_word' id='word_1_122' title='bbox 1227 1536 1421 1582; x_wconf 81' lang='lat' dir='ltr'>ridicule</span> <span class='ocrx_word' id='word_1_123' title='bbox 1437 1536 1661 1597; x_wconf 82' lang='lat' dir='ltr'>jactatum</span> 
     </span>
     <span class='ocr_line' id='line_1_18' title="bbox 252 1612 1378 1676; baseline 0 -19"><span class='ocrx_word' id='word_1_124' title='bbox 252 1622 341 1668; x_wconf 84' lang='lat' dir='ltr'>est,</span> <span class='ocrx_word' id='word_1_125' title='bbox 383 1613 590 1659; x_wconf 85' lang='lat' dir='ltr'>retulisse</span> <span class='ocrx_word' id='word_1_126' title='bbox 623 1613 763 1675; x_wconf 86' lang='lat' dir='ltr'>hujus</span> <span class='ocrx_word' id='word_1_127' title='bbox 798 1613 864 1658; x_wconf 88' lang='lat' dir='ltr'>rei</span> <span class='ocrx_word' id='word_1_128' title='bbox 895 1614 1039 1675; x_wconf 83' lang='lat' dir='ltr'>gratia</span> <span class='ocrx_word' id='word_1_129' title='bbox 1064 1628 1161 1659; x_wconf 90' lang='lat' dir='ltr'>non</span> <span class='ocrx_word' id='word_1_130' title='bbox 1185 1612 1378 1676; x_wconf 79' lang='lat' dir='ltr'>pigebit.</span> 
     </span>
    </p>

    <p class='ocr_par' dir='ltr' id='par_1_4' title="bbox 256 1689 1672 2678">
     <span class='ocr_line' id='line_1_19' title="bbox 321 1689 1664 1753; baseline 0.001 -19"><span class='ocrx_word' id='word_1_131' title='bbox 321 1692 438 1734; x_wconf 85' lang='lat' dir='ltr'>Cum</span> <span class='ocrx_word' id='word_1_132' title='bbox 468 1691 595 1735; x_wconf 88' lang='lat' dir='ltr'>enim</span> <span class='ocrx_word' id='word_1_133' title='bbox 626 1690 778 1753; x_wconf 89' lang='lat' dir='ltr'>prima</span> <span class='ocrx_word' id='word_1_134' title='bbox 806 1691 904 1735; x_wconf 80' lang='lat' dir='ltr'>vice</span> <span class='ocrx_word' id='word_1_135' title='bbox 927 1705 1019 1752; x_wconf 90' lang='lat' dir='ltr'>qua</span> <span class='ocrx_word' id='word_1_136' title='bbox 1045 1689 1324 1753; x_wconf 88' lang='lat' dir='ltr'>oppidulum</span> <span class='ocrx_word' id='word_1_137' title='bbox 1355 1689 1664 1735; x_wconf 87' lang='lat' dir='ltr'>Abbatisvillae</span> 
     </span>
     <span class='ocr_line' id='line_1_20' title="bbox 256 1767 1665 1831; baseline -0.001 -18"><span class='ocrx_word' id='word_1_138' title='bbox 256 1777 362 1831; x_wconf 88' lang='lat' dir='ltr'>post</span> <span class='ocrx_word' id='word_1_139' title='bbox 381 1776 629 1829; x_wconf 84' lang='lat' dir='ltr'>acceptum</span> <span class='ocrx_word' id='word_1_140' title='bbox 651 1782 849 1828; x_wconf 79' lang='lat' dir='ltr'>regnum</span> <span class='ocrx_word' id='word_1_141' title='bbox 872 1767 1140 1826; x_wconf 82' lang='lat' dir='ltr'>ingressus¹,</span> <span class='ocrx_word' id='word_1_142' title='bbox 1157 1781 1327 1827; x_wconf 83' lang='lat' dir='ltr'>magna</span> <span class='ocrx_word' id='word_1_143' title='bbox 1347 1783 1457 1811; x_wconf 87' lang='lat' dir='ltr'>cum</span> <span class='ocrx_word' id='word_1_144' title='bbox 1477 1782 1665 1829; x_wconf 85' lang='lat' dir='ltr'>exspec-</span> 
     </span>
     <span class='ocr_line' id='line_1_21' title="bbox 258 1843 1665 1907; baseline -0.002 -16"><span class='ocrx_word' id='word_1_145' title='bbox 258 1847 433 1891; x_wconf 86' lang='lat' dir='ltr'>tatione</span> <span class='ocrx_word' id='word_1_146' title='bbox 454 1854 498 1890; x_wconf 88' lang='lat' dir='ltr'>et</span> <span class='ocrx_word' id='word_1_147' title='bbox 516 1844 749 1889; x_wconf 82' lang='lat' dir='ltr'>desiderio</span> <span class='ocrx_word' id='word_1_148' title='bbox 771 1843 964 1889; x_wconf 86' lang='lat' dir='ltr'>videndi</span> <span class='ocrx_word' id='word_1_149' title='bbox 984 1859 1163 1888; x_wconf 73' lang='lat' dir='ltr'>novum</span> <span class='ocrx_word' id='word_1_150' title='bbox 1187 1859 1361 1906; x_wconf 86' lang='lat' dir='ltr'>regem,</span> <span class='ocrx_word' id='word_1_151' title='bbox 1382 1859 1428 1889; x_wconf 87' lang='lat' dir='ltr'>se</span> <span class='ocrx_word' id='word_1_152' title='bbox 1456 1853 1554 1889; x_wconf 90' lang='lat' dir='ltr'>tam</span> <span class='ocrx_word' id='word_1_153' title='bbox 1579 1860 1665 1907; x_wconf 86' lang='lat' dir='ltr'>op-</span> 
     </span>
     <span class='ocr_line' id='line_1_22' title="bbox 258 1921 1668 1986; baseline 0.001 -19"><span class='ocrx_word' id='word_1_154' title='bbox 258 1923 382 1986; x_wconf 86' lang='lat' dir='ltr'>pidi,</span> <span class='ocrx_word' id='word_1_155' title='bbox 419 1938 562 1985; x_wconf 83' lang='lat' dir='ltr'>quam</span> <span class='ocrx_word' id='word_1_156' title='bbox 602 1921 986 1967; x_wconf 85' lang='lat' dir='ltr'>suburbanorum</span> <span class='ocrx_word' id='word_1_157' title='bbox 1021 1921 1143 1966; x_wconf 83' lang='lat' dir='ltr'>cives</span> <span class='ocrx_word' id='word_1_158' title='bbox 1180 1921 1227 1966; x_wconf 89' lang='lat' dir='ltr'>in</span> <span class='ocrx_word' id='word_1_159' title='bbox 1261 1922 1389 1966; x_wconf 87' lang='lat' dir='ltr'>vicos</span> <span class='ocrx_word' id='word_1_160' title='bbox 1423 1931 1468 1966; x_wconf 91' lang='lat' dir='ltr'>et</span> <span class='ocrx_word' id='word_1_161' title='bbox 1493 1922 1668 1985; x_wconf 89' lang='lat' dir='ltr'>plateas</span> 
     </span>
     <span class='ocr_line' id='line_1_23' title="bbox 260 1997 1669 2062; baseline -0.001 -18"><span class='ocrx_word' id='word_1_162' title='bbox 260 2000 553 2058; x_wconf 76' lang='lat' dir='ltr'>effudissent,</span> <span class='ocrx_word' id='word_1_163' title='bbox 570 2009 614 2044; x_wconf 87' lang='lat' dir='ltr'>et</span> <span class='ocrx_word' id='word_1_164' title='bbox 634 2000 790 2062; x_wconf 86' lang='lat' dir='ltr'>plures</span> <span class='ocrx_word' id='word_1_165' title='bbox 809 1999 951 2044; x_wconf 87' lang='lat' dir='ltr'>horas</span> <span class='ocrx_word' id='word_1_166' title='bbox 967 1997 1082 2057; x_wconf 90' lang='lat' dir='ltr'>diei,</span> <span class='ocrx_word' id='word_1_167' title='bbox 1101 2014 1156 2044; x_wconf 89' lang='lat' dir='ltr'>ea</span> <span class='ocrx_word' id='word_1_168' title='bbox 1169 1999 1513 2062; x_wconf 78' lang='lat' dir='ltr'>exspectatione</span> <span class='ocrx_word' id='word_1_169' title='bbox 1534 2007 1577 2043; x_wconf 90' lang='lat' dir='ltr'>et</span> <span class='ocrx_word' id='word_1_170' title='bbox 1592 1998 1669 2043; x_wconf 88' lang='lat' dir='ltr'>de-</span> 
     </span>
     <span class='ocr_line' id='line_1_24' title="bbox 260 2074 1669 2140; baseline -0.001 -18"><span class='ocrx_word' id='word_1_171' title='bbox 260 2077 429 2122; x_wconf 88' lang='lat' dir='ltr'>siderio</span> <span class='ocrx_word' id='word_1_172' title='bbox 466 2078 702 2140; x_wconf 75' lang='lat' dir='ltr'>suspensi,</span> <span class='ocrx_word' id='word_1_173' title='bbox 745 2077 793 2121; x_wconf 91' lang='lat' dir='ltr'>in</span> <span class='ocrx_word' id='word_1_174' title='bbox 830 2076 1007 2121; x_wconf 84' lang='lat' dir='ltr'>eisdem</span> <span class='ocrx_word' id='word_1_175' title='bbox 1038 2076 1151 2121; x_wconf 53' lang='lat' dir='ltr'>&#39;sicis</span> <span class='ocrx_word' id='word_1_176' title='bbox 1189 2085 1233 2120; x_wconf 92' lang='lat' dir='ltr'>et</span> <span class='ocrx_word' id='word_1_177' title='bbox 1271 2076 1433 2138; x_wconf 86' lang='lat' dir='ltr'>plateis</span> <span class='ocrx_word' id='word_1_178' title='bbox 1471 2074 1669 2137; x_wconf 87' lang='lat' dir='ltr'>publicis</span> 
     </span>
     <span class='ocr_line' id='line_1_25' title="bbox 259 2151 1667 2216; baseline -0.001 -18"><span class='ocrx_word' id='word_1_179' title='bbox 259 2154 644 2216; x_wconf 82' lang='lat' dir='ltr'>permansissent,</span> <span class='ocrx_word' id='word_1_180' title='bbox 681 2153 851 2198; x_wconf 82' lang='lat' dir='ltr'>accidit</span> <span class='ocrx_word' id='word_1_181' title='bbox 886 2163 961 2209; x_wconf 83' lang='lat' dir='ltr'>ut,</span> <span class='ocrx_word' id='word_1_182' title='bbox 1004 2169 1059 2198; x_wconf 92' lang='lat' dir='ltr'>eo</span> <span class='ocrx_word' id='word_1_183' title='bbox 1098 2162 1364 2198; x_wconf 89' lang='lat' dir='ltr'>transeunte</span> <span class='ocrx_word' id='word_1_184' title='bbox 1390 2168 1472 2215; x_wconf 83' lang='lat' dir='ltr'>per</span> <span class='ocrx_word' id='word_1_185' title='bbox 1497 2151 1667 2196; x_wconf 87' lang='lat' dir='ltr'>subur-</span> 
     </span>
     <span class='ocr_line' id='line_1_26' title="bbox 266 2229 1665 2293; baseline -0.001 -18"><span class='ocrx_word' id='word_1_186' title='bbox 266 2232 443 2276; x_wconf 84' lang='lat' dir='ltr'>banum</span> <span class='ocrx_word' id='word_1_187' title='bbox 468 2231 654 2293; x_wconf 80' lang='lat' dir='ltr'>oppidi,</span> <span class='ocrx_word' id='word_1_188' title='bbox 685 2230 878 2292; x_wconf 86' lang='lat' dir='ltr'>quidam</span> <span class='ocrx_word' id='word_1_189' title='bbox 907 2246 1015 2275; x_wconf 91' lang='lat' dir='ltr'>eum</span> <span class='ocrx_word' id='word_1_190' title='bbox 1040 2230 1343 2290; x_wconf 83' lang='lat' dir='ltr'>interrogaret</span> <span class='ocrx_word' id='word_1_191' title='bbox 1368 2229 1561 2290; x_wconf 88' lang='lat' dir='ltr'>quando</span> <span class='ocrx_word' id='word_1_192' title='bbox 1590 2245 1665 2274; x_wconf 86' lang='lat' dir='ltr'>rex</span> 
     </span>
     <span class='ocr_line' id='line_1_27' title="bbox 264 2306 1670 2369; baseline 0 -17"><span class='ocrx_word' id='word_1_193' title='bbox 264 2308 420 2353; x_wconf 74' lang='lat' dir='ltr'>venire</span> <span class='ocrx_word' id='word_1_194' title='bbox 445 2307 661 2365; x_wconf 50' lang='lat' dir='ltr'>deberem</span> <span class='ocrx_word' id='word_1_195' title='bbox 699 2308 826 2352; x_wconf 85' lang='lat' dir='ltr'>nulla</span> <span class='ocrx_word' id='word_1_196' title='bbox 858 2307 1007 2364; x_wconf 87' lang='lat' dir='ltr'>enim,</span> <span class='ocrx_word' id='word_1_197' title='bbox 1052 2323 1203 2368; x_wconf 86' lang='lat' dir='ltr'>neque</span> <span class='ocrx_word' id='word_1_198' title='bbox 1238 2306 1372 2362; x_wconf 81' lang='lat' dir='ltr'>l&#39;acie,</span> <span class='ocrx_word' id='word_1_199' title='bbox 1420 2322 1569 2367; x_wconf 89' lang='lat' dir='ltr'>neque</span> <span class='ocrx_word' id='word_1_200' title='bbox 1593 2321 1670 2369; x_wconf 84' lang='lat' dir='ltr'>ap-</span> 
     </span>
     <span class='ocr_line' id='line_1_28' title="bbox 264 2382 1672 2448; baseline -0.001 -19"><span class='ocrx_word' id='word_1_201' title='bbox 264 2394 453 2448; x_wconf 76' lang='lat' dir='ltr'>param,</span> <span class='ocrx_word' id='word_1_202' title='bbox 502 2400 653 2445; x_wconf 84' lang='lat' dir='ltr'>neque</span> <span class='ocrx_word' id='word_1_203' title='bbox 694 2383 891 2428; x_wconf 83' lang='lat' dir='ltr'>vestium</span> <span class='ocrx_word' id='word_1_204' title='bbox 927 2392 1096 2427; x_wconf 88' lang='lat' dir='ltr'>ornatu</span> <span class='ocrx_word' id='word_1_205' title='bbox 1142 2383 1212 2427; x_wconf 73' lang='lat' dir='ltr'>vel</span> <span class='ocrx_word' id='word_1_206' title='bbox 1254 2382 1528 2445; x_wconf 79' lang='lat' dir='ltr'>splendore,</span> <span class='ocrx_word' id='word_1_207' title='bbox 1567 2383 1672 2446; x_wconf 89' lang='lat' dir='ltr'>plus</span> 
     </span>
     <span class='ocr_line' id='line_1_29' title="bbox 263 2459 1672 2524; baseline -0.004 -16"><span class='ocrx_word' id='word_1_208' title='bbox 263 2478 406 2524; x_wconf 87' lang='lat' dir='ltr'>quam</span> <span class='ocrx_word' id='word_1_209' title='bbox 447 2462 644 2507; x_wconf 72' lang='lat' dir='ltr'>famulus</span> <span class='ocrx_word' id='word_1_210' title='bbox 679 2460 844 2522; x_wconf 80' lang='lat' dir='ltr'>aliquis</span> <span class='ocrx_word' id='word_1_211' title='bbox 887 2469 931 2504; x_wconf 86' lang='lat' dir='ltr'>et</span> <span class='ocrx_word' id='word_1_212' title='bbox 970 2460 1201 2522; x_wconf 84' lang='lat' dir='ltr'>quispiam</span> <span class='ocrx_word' id='word_1_213' title='bbox 1237 2460 1339 2504; x_wconf 71' lang='lat' dir='ltr'>vilis</span> <span class='ocrx_word' id='word_1_214' title='bbox 1387 2459 1672 2505; x_wconf 85' lang='lat' dir='ltr'>conditionis</span> 
     </span>
     <span class='ocr_line' id='line_1_30' title="bbox 262 2536 1670 2600; baseline -0.001 -17"><span class='ocrx_word' id='word_1_215' title='bbox 262 2538 496 2599; x_wconf 67' lang='lat' dir='ltr'>dignitatis</span> <span class='ocrx_word' id='word_1_216' title='bbox 539 2539 710 2583; x_wconf 79' lang='lat' dir='ltr'>indicia</span> <span class='ocrx_word' id='word_1_217' title='bbox 751 2536 1027 2582; x_wconf 83' lang='lat' dir='ltr'>ostentabat.</span> <span class='ocrx_word' id='word_1_218' title='bbox 1080 2537 1162 2581; x_wconf 82' lang='lat' dir='ltr'>Cui</span> <span class='ocrx_word' id='word_1_219' title='bbox 1195 2553 1303 2581; x_wconf 85' lang='lat' dir='ltr'>cum</span> <span class='ocrx_word' id='word_1_220' title='bbox 1344 2553 1417 2581; x_wconf 71' lang='lat' dir='ltr'>rex</span> <span class='ocrx_word' id='word_1_221' title='bbox 1457 2537 1554 2600; x_wconf 87' lang='lat' dir='ltr'>ipse</span> <span class='ocrx_word' id='word_1_222' title='bbox 1599 2553 1670 2582; x_wconf 89' lang='lat' dir='ltr'>re-</span> 
     </span>
     <span class='ocr_line' id='line_1_31' title="bbox 262 2614 1670 2678; baseline -0.001 -19"><span class='ocrx_word' id='word_1_223' title='bbox 262 2615 513 2678; x_wconf 66' lang='lat' dir='ltr'>sponderet</span> <span class='ocrx_word' id='word_1_224' title='bbox 548 2615 678 2677; x_wconf 86' lang='lat' dir='ltr'>quod</span> <span class='ocrx_word' id='word_1_225' title='bbox 709 2616 903 2678; x_wconf 85' lang='lat' dir='ltr'>ipsemet</span> <span class='ocrx_word' id='word_1_226' title='bbox 946 2630 1022 2658; x_wconf 81' lang='lat' dir='ltr'>rex</span> <span class='ocrx_word' id='word_1_227' title='bbox 1056 2624 1195 2671; x_wconf 83' lang='lat' dir='ltr'>esset,</span> <span class='ocrx_word' id='word_1_228' title='bbox 1235 2615 1389 2659; x_wconf 87' lang='lat' dir='ltr'>statim</span> <span class='ocrx_word' id='word_1_229' title='bbox 1435 2614 1559 2660; x_wconf 90' lang='lat' dir='ltr'>idem</span> <span class='ocrx_word' id='word_1_230' title='bbox 1591 2614 1670 2676; x_wconf 91' lang='lat' dir='ltr'>qui</span> 
     </span>
    </p>
   </div>
   <div class='ocr_carea' id='block_1_3' title="bbox 321 2772 587 2812">
    <p class='ocr_par' dir='ltr' id='par_1_5' title="bbox 321 2772 587 2812">
     <span class='ocr_line' id='line_1_32' title="bbox 321 2772 587 2812; baseline 0.011 -7"><span class='ocrx_word' id='word_1_231' title='bbox 321 2773 356 2805; x_wconf 76' lang='grc'>1.</span> <span class='ocrx_word' id='word_1_232' title='bbox 393 2773 443 2812; x_wconf 52' lang='grc' dir='ltr'>ι-ςῃ</span> <span class='ocrx_word' id='word_1_233' title='bbox 470 2772 587 2808; x_wconf 56' lang='lat'>114433.</span> 
     </span>
    </p>
   </div>
  </div>
 </body>
</html>
