1875 2956
706 222 845 256 LIBER
875 222 1070 256 PRIMUS.
1515 223 1588 257 303

259 312 313 353 Et
335 318 479 363 certe,
511 318 685 353 attenta
716 309 859 369 gratia
884 324 1026 369 quam
1058 317 1157 352 tum
1186 323 1278 368 prae
1309 308 1481 352 caeteris
1512 325 1591 354 au-

194 386 292 431 licis
314 384 439 447 apud
463 399 619 445 regem
644 385 715 429 im
727 394 908 441 enerat,
938 394 982 429 et
998 419 1009 440 ,
1051 382 1274 427 universis
1303 382 1351 428 id
1374 392 1592 429 attestan-

194 461 341 516 tibus,
369 459 597 517 habebat,
622 461 658 506 si
691 477 742 505 ex
774 460 865 506 fide
903 469 949 505 et
972 459 1171 504 fraterna
1207 458 1421 516 caritate,
1452 469 1501 504 ut
1523 459 1593 504 vir

193 536 347 582 bonus
369 547 412 582 et
432 538 720 583 interventor
742 536 907 593 fidelis,
938 552 1037 581 rem
1061 544 1268 580 nostram
1287 536 1467 597 egisset,
1494 552 1591 581 non

194 611 461 658 dubitamus
493 614 605 675 quin
632 613 750 673 regis
771 612 982 657 animum
1004 647 1014 669 ,
1053 627 1195 673 quem
1218 612 1265 656 in
1288 611 1388 657 aliis
1418 613 1593 659 incom-

194 689 460 751 parabiliter
488 700 532 735 et
555 688 810 750 majoribus
839 698 884 734 et
911 687 1202 749 gravioribus
1228 689 1424 751 negotiis
1452 690 1594 736 emol-

191 766 323 811 lierat
361 776 407 812 et
441 766 500 812 ad
537 765 939 811 mansuetudinem
972 763 1243 821 inflexerat,
1279 766 1418 811 etiam
1456 766 1594 813 nobis

191 844 425 905 placatum
448 853 585 905 atque
610 841 894 887 benevolum
925 841 1121 886 reddere
1159 842 1408 905 potuisset,
1452 843 1592 905 idque

192 919 375 966 efficere
395 915 445 964 ut
461 920 538 965 tali
559 919 718 965 exsilio
743 919 952 964 mulctati
972 918 1164 964 minime
1188 918 1444 964 fuissemus.
1469 923 1594 966 Post-

194 996 389 1041 modum
407 1012 535 1054 ver0,
561 1012 668 1040 cum
687 995 784 1058 ipse
806 995 986 1056 majora
1007 994 1164 1040 fuisset
1181 1005 1430 1052 assecutus,
1451 997 1594 1042 eccle-

193 1072 307 1118 siam
330 1073 503 1118 scilicet
533 1072 907 1133 Andegavensem
937 1082 982 1117 et
1017 1071 1330 1118 cardinalatus
1362 1073 1592 1134 fastigium

193 1165 300 1194 cum
321 1149 532 1211 pluribus
554 1148 806 1211 pinguibus
825 1147 1135 1206 commendis,
1160 1148 1417 1211 altioraque
1439 1150 1594 1196 adhuc
1649 1189 1655 1195 .

191 1224 415 1285 ambiret,
453 1226 696 1271 ecclesiam
724 1235 961 1282 nostram,
991 1235 1215 1287 tanquam
1248 1243 1444 1289 parvum
1478 1226 1590 1289 quid

191 1300 253 1346 ad
284 1317 416 1347 suam
441 1302 799 1347 exsaturandam
827 1301 1132 1364 cupiditatem
1159 1302 1436 1362 valiturum,
1476 1304 1591 1348 ulte-

192 1376 286 1422 rius
306 1394 392 1440 pro
417 1393 463 1422 se
483 1378 706 1440 prosequi
728 1377 900 1422 destitit
918 1387 963 1422 et
984 1379 1192 1423 cessavit.

258 1455 366 1498 Erat
411 1470 521 1498 vero
572 1464 672 1498 tum
714 1453 829 1498 alius
867 1453 1051 1514 juvenis
1099 1453 1293 1515 quidam
1331 1453 1390 1498 de
1436 1464 1594 1500 nostra

192 1529 418 1574 oriundus
452 1530 665 1586 dioecesi,
710 1529 830 1573 inter
862 1528 1014 1590 regios
1047 1529 1263 1575 satellites
1297 1529 1358 1575 ad
1383 1531 1595 1593 corporis

193 1605 311 1665 regis
334 1605 526 1650 tutelam
553 1605 818 1668 deputatos,
842 1605 1046 1667 parentis
1065 1605 1135 1650 sui
1162 1606 1293 1669 impii
1317 1616 1362 1652 et
1387 1607 1594 1653 scelerati

194 1681 278 1726 viri
302 1682 507 1743 iniquior
520 1692 659 1744 atque
674 1682 877 1727 deterior
892 1682 1046 1744 proles
1059 1686 1085 1726 ¹.
1111 1685 1151 1727 Is
1166 1683 1352 1728 fratrem
1367 1683 1590 1740 habebat,

194 1776 335 1821 quem
368 1760 558 1806 modico
582 1771 689 1806 ante
718 1770 928 1822 tempore
963 1760 1184 1805 clericum
1213 1760 1490 1818 feceramus,
1519 1762 1595 1823 ju-

195 1853 362 1882 venem
398 1836 539 1882 ferme
573 1837 671 1882 sine
703 1837 891 1893 litteris,
927 1837 1008 1882 sed
1032 1837 1127 1882 vita
1157 1847 1201 1882 et
1231 1837 1441 1883 moribus
1477 1838 1595 1883 adeo

196 1928 277 1974 per
302 1912 461 1958 onmia
486 1912 709 1958 infamem
743 1923 882 1975 atque
905 1912 1199 1972 dissolutum,
1227 1913 1341 1958 dum
1375 1924 1482 1976 post
1509 1914 1596 1959 im-

193 1987 394 2050 puberes
416 2004 567 2034 annos
588 1999 633 2034 et
658 1990 857 2052 primam
886 1999 1128 2035 tonsuram
1153 1989 1413 2035 clericalem
1440 1990 1501 2035 ad
1527 1991 1595 2035 vi-

193 2064 327 2109 rilem
362 2075 609 2127 provectus
643 2065 800 2111 fuisset
825 2075 1023 2124 aetatem,
1066 2076 1115 2111 ut
1143 2082 1169 2111 a
1200 2066 1430 2128 plerisque
1470 2067 1595 2112 velut

193 2140 358 2186 stultus
381 2151 427 2187 et
457 2143 626 2188 mentis
658 2143 813 2205 impos
841 2152 980 2203 atque
1014 2144 1203 2188 insanus
1237 2143 1590 2189 existimaretur.

196 2219 330 2263 Hunc
371 2218 616 2264 satellitem
654 2235 732 2264 rex
763 2220 1059 2282 capitaneum
1096 2219 1156 2265 ad
1189 2220 1385 2266 civitatis
1428 2229 1595 2266 nostrae

250 2381 286 2417 1.
318 2381 350 2416 Il
371 2380 478 2431 s’agit
502 2381 551 2418 ici
580 2381 627 2418 de
656 2381 799 2419 Robert
825 2382 873 2419 de
903 2385 1133 2432 Mannoury,
1159 2383 1216 2420 fils
1243 2383 1289 2420 de
1316 2383 1530 2422 Guillaume
1550 2385 1595 2421 ‹le

198 2446 421 2495 Mannomy,
443 2444 618 2496 seigneur
638 2445 689 2483 du
706 2445 1089 2498 Mont-de-la-Vigne,
1111 2459 1258 2484 comme
1280 2460 1376 2484 nous
1398 2447 1595 2497 l'apprend

198 2509 251 2541 La
271 2505 464 2555 Chesnaye
489 2507 553 2544 des
580 2507 666 2544 Bois
697 2521 744 2544 en
773 2521 841 2545 son
862 2511 1120 2544 Dictiomzaire
1142 2511 1188 2545 de
1209 2512 1245 2544 la
1264 2509 1437 2546 noblesse.
1466 2512 1535 2545 Par
1561 2509 1594 2545 le

200 2566 283 2602 titre
311 2579 384 2615 que
409 2567 461 2604 lui
483 2568 608 2606 donne
639 2569 814 2616 l'auteur‚
845 2571 869 2606 il
896 2571 974 2608 faut
999 2570 1182 2608 entendre
1209 2571 1299 2620 qu'il
1329 2571 1448 2608 saisait
1474 2571 1594 2620 partie

199 2628 246 2664 de
268 2629 303 2664 la
322 2631 544 2680 compagnie
563 2630 628 2668 des
644 2641 728 2669 cent
744 2633 1050 2683 gentilshommes
1070 2634 1118 2670 de
1137 2633 1266 2670 l'hotel
1285 2632 1335 2669 du
1358 2633 1429 2680 roi,
1451 2633 1592 2671 ordon-

199 2691 265 2727 nes
284 2703 381 2740 pour
400 2691 436 2728 la
454 2692 568 2741 garde
591 2693 638 2730 de
660 2707 727 2730 son
746 2708 871 2743 corps„
