1875 2956
211 283 287 318 262
773 280 1016 316 APOLOGIA
1027 308 1036 323 ‚

212 380 368 416 mento
402 386 574 431 regem,
609 384 715 414 cum
763 368 823 413 ab
870 384 927 414 eo
966 368 1196 431 acciperet
1242 369 1476 417 licentiam
1516 371 1613 435 lab-

210 447 389 512 eundij,
416 448 615 493 I‘arisius
643 446 730 491 sibi
769 446 864 492 haec
899 446 1042 492 verba
1074 446 1241 491 dixisse
1269 462 1279 492 :
1307 467 1330 490 α
1358 451 1422 494 Ite
1443 465 1525 494 vos
1554 449 1610 494 ad

210 526 379 571 domos
400 534 573 570 vestras
597 524 644 568 in
678 525 1041 581 Normanniam3
1072 524 1262 587 recipite
1292 523 1477 570 fratrem
1505 543 1609 572 nos-

209 614 334 648 truin
369 604 416 647 in
449 601 617 647 ducem
647 610 692 647 et
719 602 783 661 ei,
824 611 1051 664 tanquam
1082 601 1284 665 principi
1315 611 1453 664 atque
1474 602 1580 649 (luci
1600 640 1612 661 ,

211 680 408 725 fideliter
430 679 600 724 servire
623 688 667 724 et
690 694 853 742 parere
876 678 1073 724 studete.
1108 697 1130 721 η

274 760 411 802 Facta
436 772 548 801 vero
574 757 715 819 ipsius
740 756 937 802 civitatis
963 755 1229 815 deditione,
1258 755 1398 801 nullis
1424 755 1516 801 illic
1538 759 1619 803 mi-

210 832 420 878 litaribus
443 834 590 896 copiis
614 834 810 896 receptis
830 870 840 893 ,
874 834 1103 879 exereitus
1127 832 1186 878 ad
1212 842 1357 878 terras
1389 832 1619 879 inferioris

210 910 796 969 Normannicedeclinavit3
823 920 886 970 et,
907 910 1038 974 quod
1060 910 1249 956 infitiari
1266 926 1363 956 non
1383 909 1616 972 volumus,

212 989 428 1052 exemplo
453 998 592 1051 atque
614 989 874 1034 imitatione
897 988 1060 1048 nostri,
1096 988 1252 1052 plures
1273 987 1372 1033 aliae
1393 987 1617 1047 civitates,

212 1066 389 1129 oppida
414 1076 459 1111 et
477 1065 663 1112 castella
685 1066 940 1130 provinciae
958 1066 1099 1112 etiam
1121 1066 1180 1112 ad
1208 1064 1472 1130 parendum
1496 1082 1621 1112 novo

212 1144 320 1190 duci
355 1154 615 1208 spontanee
635 1160 733 1190 sese
758 1142 1006 1191 dederunt.
1038 1146 1157 1190 Nam
1190 1152 1235 1188 et
1256 1142 1480 1190 mandata
1499 1144 1623 1205 regia

213 1223 367 1268 statim
402 1239 485 1286 per
523 1232 669 1269 totam
703 1222 998 1286 provinciam
1041 1230 1374 1279 cucurrerunt,
1411 1230 1464 1276 ,et
1508 1237 1623 1267 voce

212 1300 446 1362 praeconia
480 1298 658 1361 ubique
681 1299 953 1345 solemniter
987 1298 1227 1364 publicata
1251 1308 1391 1360 atque
1416 1298 1625 1344 intimata

214 1378 424 1435 fuerunt,
461 1377 634 1441 quibus
660 1395 738 1424 rex
765 1377 1032 1424 insinuabat
1057 1394 1114 1424 ex
1135 1387 1276 1441 pacto
1302 1375 1474 1422 foedere
1498 1375 1625 1422 dieto

214 1470 300 1499 suo
345 1471 568 1514 germano
618 1472 705 1518 pro
745 1455 1051 1500 successionis
1086 1463 1292 1518 paternae
1334 1453 1624 1499 haereditaria

215 1532 434 1596 portione
465 1531 689 1577 ducatum
718 1532 1017 1577 Normanniae
1051 1531 1234 1576 dedisse
1270 1540 1315 1575 et
1351 1531 1621 1591 assignasse,

216 1605 447 1654 mandans
483 1607 705 1653 omnibus
739 1608 1004 1667 civitatum,
1043 1606 1333 1671 oppidorum
1372 1616 1510 1669 atque
1555 1623 1626 1653 ar-

215 1686 340 1731 eium
366 1685 640 1731 custodibus
668 1701 749 1731 seu
779 1685 1034 1749 capitaneis
1057 1694 1290 1748 quatenus
1321 1683 1511 1729 easdem
1538 1684 1625 1731 sibi

215 1762 288 1807 vel
319 1779 346 1808 a
376 1779 423 1807 se
458 1761 719 1807 commissis
755 1760 925 1807 liberas
957 1760 1135 1823 absque
1176 1760 1273 1806 ulla
1311 1761 1628 1806 remoratione

217 1840 437 1886 cederent
458 1848 502 1884 et
532 1837 889 1896 contraderent3
917 1835 1139 1883 omnibus
1163 1837 1305 1882 etiam
1326 1836 1628 1883 eeclesiarum

219 1919 439 1981 praelatis,
492 1915 770 1974 comitibus,
816 1913 1102 1974 baronibus,
1156 1912 1397 1959 nobilibus
1442 1923 1487 1959 et
1529 1915 1630 1976 qui-

218 1994 514 2058 buscumque
551 1993 711 2058 patriae
744 1992 938 2051 accolis,
976 1991 1314 2054 cujuscumque
1357 2000 1525 2050 status,
1564 1991 1630 2037 di-

219 2072 402 2133 gnitatis
440 2081 520 2117 aut
557 2070 842 2116 conditionis
878 2069 1173 2128 exsisterent,
1201 2076 1432 2130 quatenus
1465 2083 1629 2113 omnes

219 2159 264 2194 et
298 2149 467 2209 singuli
496 2148 650 2194 eidem
675 2164 761 2194 suo
787 2162 1037 2209 germano,
1063 2156 1291 2208 tanquam
1316 2159 1400 2189 suo
1428 2144 1626 2207 principi

221 2242 274 2272 ac
312 2226 417 2271 duci
453 2225 690 2287 legitimo,
732 2233 976 2288 parerent,
1022 2232 1160 2286 atque
1194 2222 1459 2284 juramenta
1485 2221 1632 2266 fideli-

221 2304 325 2348 tatis
348 2312 386 2347 ct
418 2302 673 2363 hommagii
712 2301 865 2346 eidem
894 2300 1044 2347 faeere
1066 2309 1112 2345 et
1135 2308 1350 2362 praestare
1379 2307 1624 2358 curarent,

223 2381 346 2443 ipsos
377 2395 541 2424 omnes
572 2388 617 2424 et
644 2378 852 2438 singulos
875 2376 935 2423 ab
960 2375 1287 2438 hujuscemodi
1324 2375 1624 2437 juramentis,

223 2471 324 2515 quae
368 2453 453 2498 sibi
487 2464 679 2516 perante
725 2454 952 2511 fecerant,
988 2452 1172 2515 penitus
1214 2450 1523 2496 absolvendo.
1575 2452 1629 2494 Et

224 2530 494 2592 hujusmodi
526 2529 717 2592 quidem
743 2528 975 2574 mandatis
997 2527 1194 2573 libentes
1216 2537 1355 2588 atque
1382 2526 1629 2590 spontanei

222 2624 387 2653 omnes
424 2607 566 2652 ferme
598 2606 909 2669 provinciales
944 2622 997 2651 ac
1031 2603 1363 2666 gratulabundi
1398 2603 1630 2664 obseque-

223 2685 418 2744 bantur,
445 2684 644 2747 demptis
670 2684 830 2747 paucis
864 2683 1199 2728 nonnullarum
1227 2683 1405 2727 arcium
1427 2679 1631 2726 custodi-

223 2761 310 2806 bus
344 2772 381 2806 et
420 2761 653 2823 aliquibus
685 2760 1111 2806 administrationes
1143 2760 1406 2804 officiorum
1441 2759 1486 2802 in
1520 2773 1627 2819 pro-
