1875 2956
686 185 829 219 LIBER
858 183 1108 220 SEPTIMUS.
1519 188 1592 222 173

195 268 476 312 sufficienter
501 268 668 313 referre
702 270 845 332 possit
862 270 879 312 ἒ)
910 272 1062 325 Quem
1085 284 1191 312 cum
1220 267 1302 312 diu
1327 268 1413 312 sub
1439 282 1595 315 custo-

190 346 266 392 dia
300 348 481 392 Parisiis
510 350 679 394 servari
713 349 945 410 jussisset,
992 348 1187 393 omnino
1217 347 1453 410 perditum
1486 365 1594 394 eum

188 442 272 488 per
303 427 438 471 curia*
469 428 746 473 Parlamenti
772 427 1218 473 condemnationem
1255 426 1404 472 facere
1437 429 1596 490 cupie—

191 503 292 562 bat3
321 516 360 550 et
388 506 450 551 ob
473 523 576 553 eam
603 523 816 565 causam,
845 506 1086 569 paululum
1117 515 1371 567 antequam
1395 523 1598 553 morere-

190 592 279 642 tur,
309 585 662 630 cancellarium'
690 583 768 628 illo
807 583 1039 645 proficisci
1070 584 1294 644 jusserat,
1322 584 1516 646 cupiens
1547 595 1598 630 ut

189 660 257 704 vel
285 677 483 718 nocens,
510 661 580 706 vel
606 662 855 717 innocens,
880 668 931 703 ut
955 659 1076 704 sama
1098 660 1365 704 communis
1388 660 1566 706 ferebat
1582 699 1593 720 ,

187 737 448 798 puniretur,
478 740 527 781 ln
551 753 646 798 quo
666 746 823 781 tamen
844 734 1136 780 credendum
1164 752 1262 780 non
1282 745 1348 781 est
1373 737 1595 782 eumdem

186 814 546 870 cancellarium,
589 813 669 875 qui
695 812 804 874 justi
847 822 891 856 et
932 812 1050 873 aequi
1087 813 1433 858 amantissimus
1473 824 1593 873 erat,

187 906 320 934 suuni
343 899 507 935 contra
525 890 601 951 jus
619 899 663 934 et
684 889 750 934 fas
769 888 1080 933 ministerium
1104 889 1331 952 impertiri
1351 891 1594 937 voluisse'.

187 964 315 1009 Ideni
348 976 504 1011 autem
525 966 709 1027 juvenis
741 964 835 1009 dux
854 1001 865 1023 ,
900 981 1005 1025 rege
1031 965 1132 1028 ipso
1157 967 1408 1024 exstincto,
1443 968 1597 1013 statim

186 1040 245 1085 ab
266 1042 330 1086 eis
350 1043 429 1103 qui
450 1043 578 1103 regni
605 1041 984 1087 moderationem
1006 1052 1327 1105 susceperunt,
1352 1043 1530 1089 solutus
1554 1054 1599 1089 et

185 1117 304 1163 liber
327 1118 455 1164 abire
479 1119 745 1182 permissus,
774 1118 868 1163 suis
889 1118 1027 1163 etlam
1053 1128 1283 1164 terrarum
1309 1120 1530 1166 dominiis
1553 1131 1599 1166 et

184 1191 447 1239 honoribus
475 1194 682 1256 plenarie
707 1204 772 1239 est
802 1194 1052 1239 restitutus.
1093 1197 1323 1240 Revocata
1354 1195 1496 1240 etiam
1520 1195 1598 1240 illa

183 1268 345 1331 iniqua
364 1270 680 1316 damnationis
702 1270 931 1315 sententia
951 1270 997 1315 in
1022 1270 1192 1316 duceni
1212 1271 1344 1316 illum
1363 1272 1596 1333 optimum

184 1344 242 1390 de
267 1350 501 1391 Nemom‘s
521 1364 606 1392 suo
623 1347 754 1408 jussu
778 1346 977 1409 prolata,
998 1345 1156 1392 liberis
1182 1347 1276 1391 suis
1298 1362 1440 1391 omne
1460 1347 1598 1410 patri-

183 1422 399 1466 monium
423 1433 489 1467 est
514 1423 813 1468 1·estitutum³.

246 1497 354 1541 Dies
390 1514 465 1542 me
501 1498 714 1557 deficiet,
755 1499 792 1543 si
836 1515 970 1545 casus
1005 1500 1212 1561 singulos
1250 1498 1420 1544 referre
1454 1499 1595 1544 velim

180 1587 369 1631 eorum,
399 1588 519 1634 quos
541 1572 614 1617 vel
640 1573 686 1617 in
714 1589 944 1636 aquarum
967 1573 1249 1636 gurgitibus,
1282 1573 1356 1618 vel
1378 1573 1477 1619 aliis
1502 1591 1597 1636 poe-

182 1665 348 1694 narum
365 1648 630 1709 generibus,
649 1651 865 1712 quamvis
882 1651 1105 1706 insontes,
1127 1651 1263 1696 variis
1277 1650 1430 1695 modis
1445 1651 1596 1712 perire

184 1725 312 1784 fecit,
350 1727 422 1772 vel
451 1727 670 1789 squalore
703 1744 943 1773 carcerum
970 1727 1197 1773 macerari
1229 1736 1275 1771 et
1304 1727 1590 1788 constringi,

183 1803 312 1847 nullo
332 1803 448 1865 juris
477 1813 523 1849 et
546 1805 731 1865 justitiae
762 1805 928 1850 ordine
956 1804 1228 1861 ol)servato;
1263 1820 1373 1849 cum
1408 1814 1454 1848 et
1477 1805 1594 1850 ami·

183 1880 420 1926 cissimum
456 1898 593 1926 suum
631 1882 917 1928 cardinalem
958 1882 1132 1941 Balae,
1174 1891 1218 1927 et
1253 1880 1594 1926 Virdunensem

184 1956 459 2019 episcopum
481 1959 511 2014 ⁴,
553 1974 738 2004 carcere
771 1959 984 2003 detentos
1013 1975 1096 2021 per
1127 1974 1278 2003 annos
1312 1957 1495 2003 circiter
1525 1974 1591 2001 ΧΠ

185 2034 399 2079 tenuerit.
428 2038 553 2080 Intra
579 2036 710 2097 quod
735 2046 920 2099 tempus
952 2045 1046 2080 tam
1084 2035 1321 2098 prolixum
1348 2051 1592 2096 nunquam

183 2110 230 2155 in
258 2111 362 2172 jure
392 2113 703 2173 audientiam,
739 2130 882 2175 quam
915 2112 1237 2158 ardentissime
1268 2111 1357 2157 sibi
1390 2112 1593 2175 praestari

240 2283 275 2317 v1.
308 2279 435 2317 Pierre
456 2280 638 2318 d’Oriole.

239 2345 275 2377 2.
307 2342 336 2378 Il
358 2343 412 2379 fut
430 2344 641 2380 condamne'
662 2357 730 2394 par
748 2346 849 2381 ari-et
868 2343 919 2381 du
940 2343 1165 2394 pat-lenient,
1188 2344 1221 2381 le
1237 2346 1284 2382 ‘22
1306 2357 1405 2382 mars
1427 2345 1527 2381 1482
1542 2371 1551 2388 ,
1573 2345 1593 2379 ἐι

187 2405 391 2445 demander
415 2408 563 2458 pardon
588 2422 638 2446 au
663 2409 719 2446 roi
736 2439 745 2455 ,
773 2411 793 2446 ἐι
809 2409 918 2460 jurei·
945 2409 991 2445 dc
1022 2409 1057 2446 lc
1083 2410 1206 2446 servir
1231 2424 1368 2448 envers
1400 2419 1437 2447 et
1463 2416 1593 2445 contre

188 2475 295 2515 tous,
328 2478 363 2505 et
396 2472 416 2506 a
442 2470 589 2508 fournir
621 2471 668 2508 de
700 2471 780 2508 cela
815 2472 967 2509 cantion
995 2471 1202 2511 suffisante.
1232 2472 1348 2509 Louis
1376 2473 1431 2508 XI
1458 2478 1591 2506 trouva

188 2540 261 2576 que
280 2528 315 2565 la
333 2531 529 2569 meilleure
547 2533 699 2571 caution
719 2532 808 2571 etait
830 2533 877 2570 de
895 2533 930 2571 le
948 2532 1046 2570 tenir
1064 2546 1151 2571 sous
1172 2533 1226 2571 les
1245 2546 1420 2571 verrous.

241 2593 277 2625 3.
307 2593 362 2628 En
380 2595 470 2630 aeut
489 2596 606 2631 1484.

244 2653 278 2688 4.
310 2654 404 2701 Voy.
429 2663 454 2690 t.
479 2658 533 2700 11,
564 2669 602 2705 p.
625 2659 714 2692 210.
