1875 2956
221 242 294 276 172
582 243 920 279 HISTORIARUM
949 244 1182 281 LUDOVICI
1210 248 1264 282 XI

693 422 1030 466 CAPlTULUM
1067 424 1124 466 XI
1135 457 1144 467 .

487 541 536 574 De
554 541 747 585 clementia,
769 542 841 576 imo
860 544 973 577 verius
989 544 1032 578 de
1050 543 1254 579 crudelitate
1270 546 1354 592 ejus.

282 651 571 696 Clementem
604 651 721 696 forte
749 652 853 715 quis
881 669 988 697 euin
1020 652 1158 697 fuisse
1185 668 1388 699 asserere
1412 654 1618 716 audebit,

217 747 323 774 cum
351 730 654 792 quamplures
685 747 740 775 ex
770 731 858 789 his,
891 731 971 793 qui
1001 740 1165 776 contra
1188 729 1271 793 [se]
1301 732 1624 794 conspirarant

215 807 285 850 vel
319 806 721 868 conspiratoribus
760 823 857 852 sese
893 807 1229 869 adjunxerant,
1266 825 1365 852 non
1399 809 1544 855 modo
1577 811 1623 856 in

215 885 410 945 gratiam
434 885 659 947 receperit
681 886 746 929 eis
771 884 928 930 delicti
951 886 1137 931 veniam
1168 885 1490 931 condonando
1506 924 1517 946 ‚
1550 904 1625 933 ve-

215 976 320 1004 rum
344 960 484 1005 etiam
518 970 564 1005 et
592 961 792 1023 praemiis
821 962 1002 1022 magnis
1036 962 1243 1007 affecerit
1272 961 1626 1025 sublimaritque

216 1036 496 1082 honoribus.
529 1037 620 1082 Sed
646 1054 671 1082 e
696 1037 881 1083 diverso
912 1039 959 1082 in
988 1038 1145 1101 plures
1177 1048 1272 1083 tam
1303 1055 1448 1083 saevus
1471 1049 1516 1084 et
1541 1040 1625 1085 irn-

213 1114 454 1177 placabilis
478 1114 580 1172 suit,
608 1115 689 1176 qui
712 1131 800 1160 nec
821 1116 867 1159 in
887 1130 995 1160 eum
1022 1115 1282 1178 quidquam
1302 1125 1429 1161 recto
1449 1116 1626 1177 judicio

214 1192 397 1237 ostendi
420 1202 639 1254 poterant
665 1191 933 1253 deliquisse,
959 1202 1010 1237 ut
1033 1208 1131 1250 eos,
1158 1194 1371 1255 quamvis
1399 1193 1622 1254 insontes,

213 1269 284 1314 vel
323 1278 502 1323 morte,
542 1269 614 1313 ve]
652 1268 1076 1332 proscriptionibus
1106 1285 1204 1314 non
1243 1270 1300 1315 sit
1332 1271 1504 1315 veritus
1531 1270 1628 1317 affi-

212 1361 334 1390 cere.
370 1344 496 1400 Quid
532 1344 786 1390 reseremus
819 1345 878 1390 de
904 1346 1007 1408 ipso
1044 1347 1226 1408 optimo
1261 1347 1475 1409 principe
1508 1347 1626 1392 duce

214 1421 273 1466 de
300 1425 549 1480 Nemaea-³3
580 1437 722 1483 quem
744 1422 925 1467 Parisiis
951 1423 1102 1484 capite
1130 1423 1269 1485 plecti
1299 1423 1421 1480 fecit,
1449 1423 1521 1467 his
1544 1424 1623 1484 qui

214 1498 450 1559 graviores
479 1507 524 1541 et
560 1497 767 1560 potiores
803 1507 936 1544 erant
971 1497 1030 1542 de
1064 1513 1147 1543 sua
1182 1499 1311 1544 curia
1344 1499 1623 1544 Parlamenti

212 1590 319 1618 curn
350 1573 692 1619 absolvendum
723 1574 822 1620 fore
843 1572 1166 1631 censentibus3
1194 1591 1314 1636 quos
1346 1575 1459 1637 ipsc,
1487 1591 1627 1638 prop-

213 1661 339 1697 terea
368 1651 497 1713 quod
531 1652 623 1695 suis
659 1652 831 1712 iniquis
859 1650 1188 1715 affectionibus
1213 1651 1405 1695 minime
1430 1652 1624 1696 assenti-

213 1737 333 1786 rent,
371 1728 499 1772 curia
524 1737 569 1772 et
596 1726 861 1772 honoribus
888 1728 1066 1771 amovit
1088 1736 1249 1789 atque,
1276 1737 1324 1771 ut
1345 1727 1513 1789 potuit,
1542 1727 1623 1771 de-

212 1805 500 1851 honestavit¹
520 1803 538 1847 Ρ

279 1884 432 1937 Quam
457 1896 570 1925 vero
596 1879 768 1925 acerbo
802 1880 1124 1941 insequeretur
1156 1879 1268 1924 odio
1298 1879 1519 1940 juvenem
1545 1879 1628 1924 du·

213 1974 316 2002 cem
340 1956 620 2015 Ale11conii²‚
649 1955 781 2017 cujus
803 1965 985 2019 patrem
1005 1957 1051 2000 in
1075 1966 1228 2002 castro
1244 1955 1303 2001 de
1326 1959 1517 2016 Louvre,
1541 1959 1626 2002 Pa-

214 2034 348 2091 risiis,
381 2033 439 2078 ad
464 2033 647 2078 obitum
672 2049 819 2094 usque
845 2033 1082 2096 captivum
1106 2033 1327 2078 asservari
1354 2031 1497 2091 seem,
1523 2033 1626 2094 quis

270 2173 308 2207 1.
340 2172 435 2218 Voy.
463 2178 488 2205 t.
512 2173 563 2215 Il,
587 2183 624 2219 p.
648 2172 737 2207 394.

269 2235 307 2270 ⁶2.
339 2233 443 2268 Rene
471 2231 701 2280 d'Alencon,
735 2240 859 2268 comte
885 2232 930 2268 de
956 2232 1099 2268 Perche
1122 2233 1171 2268 du
1198 2231 1327 2267 vivant
1355 2231 1401 2267 de
1424 2244 1490 2267 son
1516 2233 1618 2281 pere.

214 2294 326 2330 Louis
347 2296 401 2330 XI
423 2294 456 2330 le
474 2294 514 2329 {it
534 2294 678 2329 arrcter
696 2306 742 2328 en
759 2294 877 2340 1481,
893 2306 938 2330 au
962 2303 1128 2330 moment
1148 2296 1197 2329 ou
1216 2294 1239 2329 il
1261 2293 1363 2329 alluit
1382 2293 1537 2329 s'ensuir
1555 2308 1620 2330 au-

215 2358 300 2406 pri-s
320 2356 369 2393 dn
388 2356 461 2393 duc
485 2357 531 2392 de
551 2359 735 2406 Brctagne
754 2370 802 2392 011
829 2359 1019 2406 ptuit-circ
1037 2370 1081 2392 cn
1104 2356 1281 2394 Flamhe.

272 2422 308 2455 3.
340 2423 392 2455 Le
418 2419 491 2455 (luc
518 2418 725 2455 d'Alenvon
743 2447 751 2463 ‚
778 2419 901 2467 gracie
926 2432 998 2454 unc
1026 2418 1211 2467 premiere
1235 2418 1302 2454 sois
1326 2420 1346 2454 {1
1371 2418 1625 2455 sarmit-nient

215 2482 261 2517 de
282 2481 396 2517 Louis
421 2483 496 2525 XI,
527 2492 601 2515 unc*
621 2479 783 2515 seconde
803 2479 871 2514 sois
892 2492 936 2515 en
965 2481 1066 2515 1469
1090 2493 1186 2529 pour
1206 2479 1313 2515 avoir
1340 2479 1433 2515 livre
1455 2480 1622 2524 Alcncon

214 2557 289 2582 aux
310 2546 466 2580 Bremns
484 2542 649 2592 pendant
667 2541 701 2577 la
721 2554 854 2590 guerre
875 2541 923 2577 du
944 2540 1029 2577 bien
1053 2540 1179 2590 public
1195 2571 1204 2587 ,
1227 2554 1301 2577 unc
1321 2541 1509 2577 misit-mc
1530 2542 1620 2587 sois,

217 2618 261 2641 en
297 2607 419 2651 1475,
449 2605 559 2655 apres
588 2603 695 2640 avoir
728 2604 786 2638 ι’·ιῠ
816 2603 1026 2639 condamm(¹
1056 2606 1075 2639 ἐι
1108 2612 1207 2639 inort
1232 2616 1300 2654 par
1325 2603 1359 2639 lc
1388 2604 1619 2653 parleinent,

217 2675 371 2703 mourut
396 2680 442 2704 en
465 2668 582 2710 1476,
603 2678 678 2702 non
704 2678 770 2715 pas
800 2678 847 2701 au
875 2668 1041 2710 Louvre,
1068 2666 1160 2702 mais
1185 2665 1277 2702 dans·
1307 2665 1341 2701 la
1362 2665 1506 2701 maison
1530 2665 1618 2702 ‹l'un

216 2729 419 2777 bourgeois
442 2728 490 2766 de
511 2728 614 2765 Paris
631 2741 705 2777 que
729 2728 843 2765 Louis
868 2731 922 2765 XI
943 2728 995 2764 lui
1016 2729 1117 2765 avait
1140 2728 1289 2765 ‹lonnee
1307 2741 1404 2777 pour
1421 2728 1563 2777 prison.
