1875 2956
297 222 348 256 50
660 219 997 254 HISTORIARUM
1027 218 1256 255 LUDOVICI
1288 221 1340 255 XI

297 304 472 351 nedum
502 313 751 365 aegrotum,
784 301 866 348 sed
900 311 1139 347 mortuum
1172 318 1269 348 esse
1297 304 1452 366 plures
1485 319 1694 349 susurra-

296 392 399 427 rent
436 391 480 427 et
522 379 737 425 clanculo
771 378 1048 440 jactitarent.
1085 381 1250 424 Postea
1286 388 1439 426 tamen
1484 396 1698 444 comper-

297 470 396 505 tum
414 469 481 505 est
498 473 661 504 omnes
678 456 1002 518 hujuscemodi
1028 471 1239 502 rumores
1262 456 1424 502 inanes
1443 467 1489 503 et
1506 458 1696 503 veritate

296 552 469 582 vacuos
494 533 731 580 exstitisse.
761 532 896 578 Nulla
919 533 1043 578 enim
1068 542 1169 577 tum
1193 531 1465 594 aegritudine
1487 534 1698 596 corporis

296 612 465 658 dicitur
493 609 794 668 decubuisse,
823 609 905 655 sed
934 609 994 655 de
1027 608 1334 655 instaurando
1363 618 1408 654 et
1434 610 1696 672 colligendo

296 690 523 746 exercitu,
569 687 849 749 tributisque
883 686 1197 745 immanibus,
1232 702 1317 749 per
1351 702 1517 732 omnes
1555 696 1698 733 terras

294 766 483 811 ditionis
512 781 605 810 suae
635 763 936 827 imponendis
961 773 1008 809 et,
1031 762 1266 822 levandiS,
1305 762 1568 824 cogitabat3
1597 779 1699 825 quae

292 849 389 884 tam
419 838 615 899 grandia
648 838 742 882 suis
776 836 953 898 ubique
980 836 1179 882 subditis
1218 837 1469 899 imposuit,
1498 845 1575 894 ut,
1613 852 1700 899 pro

294 929 376 958 sua
408 912 528 957 virili
561 912 803 975 portione,
838 912 1004 956 misera
1039 921 1085 957 et
1121 910 1280 956 infelix
1314 910 1603 956 Normannia
1640 909 1700 955 ad

292 989 584 1052 septingenta
606 988 844 1049 sexaginta
859 989 1068 1049 quinque
1087 987 1232 1032 millia
1253 986 1521 1032 francorum
1545 995 1702 1034 taxata

294 1064 390 1111 fore
414 1066 663 1112 diceretur.
693 1068 811 1110 Cum
837 1074 994 1110 autem
1016 1064 1204 1109 collatio
1228 1057 1534 1126 praecedentis
1557 1063 1698 1122 anni,

291 1143 425 1188 tertia
455 1151 586 1206 parte
617 1142 792 1201 minor,
828 1141 976 1186 multa
1013 1140 1157 1186 millia
1191 1139 1510 1185 habitatorum
1546 1140 1702 1203 patriae

290 1220 451 1284 inopia
473 1219 745 1283 profligasse
762 1218 872 1264 etin
894 1218 1099 1264 diversas
1122 1227 1266 1263 terras
1285 1227 1331 1263 et
1355 1233 1499 1279 regna
1518 1217 1703 1279 ejecisse

296 1312 349 1341 ac
372 1296 641 1359 dispersisse
674 1296 875 1354 dicatur,
911 1295 1019 1340 satis
1050 1294 1304 1357 conjecta-ri
1332 1303 1486 1357 potest
1511 1293 1627 1356 quid
1650 1309 1704 1339 ac

294 1384 523 1435 quantum
553 1374 654 1419 haec
688 1373 906 1435 frequens
941 1372 1130 1417 collatio
1166 1371 1440 1417 calamitatis
1477 1371 1542 1416 illi
1568 1370 1704 1417 mise-

299 1450 456 1495 randae
478 1450 731 1513 provinciae
753 1449 973 1495 invehere
998 1449 1208 1494 similiter
1230 1458 1401 1511 posset.

361 1524 545 1569 Miserat
577 1522 790 1569 militiam
814 1540 893 1568 rex
916 1524 1013 1586 ipse
1030 1560 1042 1581 ,
1072 1523 1136 1568 uti
1168 1522 1370 1568 diximus
1385 1559 1397 1581 ,
1423 1522 1578 1568 statim
1600 1532 1705 1584 post

297 1597 381 1642 has
411 1607 596 1658 treugas
635 1598 852 1656 annales,
888 1597 1071 1642 circiter
1106 1597 1231 1642 mille
1267 1607 1312 1641 et
1347 1596 1574 1642 ducentas
1608 1597 1707 1642 lan-

300 1689 432 1733 ceas;
461 1673 540 1718 sed
566 1683 617 1718 ut
642 1674 895 1720 exercitum
920 1689 1055 1719 suum
1080 1673 1138 1718 de
1161 1673 1433 1734 alienigenis
1456 1673 1704 1731 sufficeret,

302 1759 409 1795 octo
438 1750 511 1795 vel
534 1751 697 1796 decem
729 1751 874 1796 millia
900 1751 1211 1809 Suitensiurn,
1238 1751 1298 1796 ad
1322 1766 1405 1796 sua
1431 1750 1709 1795 militaturos

303 1827 536 1890 stipendia
553 1865 564 1886 ,
582 1827 846 1874 advocarit.
874 1827 966 1883 Qui
989 1828 1154 1890 populi
1177 1827 1440 1890 Alpinates,
1468 1827 1580 1872 olim
1603 1825 1709 1871 Hel-

306 1903 413 1949 vetii
439 1903 684 1966 appellati,
711 1901 774 1948 ol)
801 1919 872 1948 res
891 1918 919 1948 a
942 1918 989 1947 se
1016 1903 1123 1948 satis
1146 1918 1366 1965 prospere
1385 1901 1511 1948 bello
1532 1911 1705 1963 gestas,

306 1996 398 2042 prae
422 1980 596 2025 caeteris
621 1980 668 2024 in
693 1980 833 2025 armis
864 1980 1039 2025 strenui
1060 1989 1173 2025 tunc
1195 1978 1474 2025 dicebantur
1497 1988 1542 2024 et
1562 1977 1709 2024 habe-

308 2055 495 2102 bantur.

764 2235 1101 2279 CAPITULUM
1134 2235 1251 2278 XIV.

309 2374 501 2420 Quomodo
528 2388 601 2417 rex,
621 2388 700 2408 cum
727 2384 862 2420 treugas
883 2388 955 2409 non
981 2375 1112 2409 videret
1138 2376 1328 2417 observari,
1347 2376 1437 2410 misit
1460 2377 1650 2410 exercitum
1674 2377 1711 2410 in

356 2430 618 2476 Burgundiam3
646 2431 703 2475 qui
731 2431 807 2473 sibi,
834 2430 992 2463 nondum
1019 2439 1139 2463 exacto
1169 2439 1322 2477 tempore
1353 2442 1573 2478 treugarum,
1600 2441 1710 2466 totum

356 2489 557 2522 comitatum
575 2486 786 2533 Burgundiae
804 2487 983 2532 acquisivit
1003 2496 1032 2520 ct
1049 2486 1220 2533 oppidum
1239 2489 1386 2522 Dolense
1402 2490 1534 2523 evertit.

376 2609 516 2670 Igitur
551 2624 689 2665 curn,
730 2606 793 2652 uti
834 2606 1062 2664 diximus,
1108 2617 1277 2668 treugae
1312 2607 1481 2669 passim
1521 2607 1630 2652 hinc
1667 2616 1712 2651 et

309 2685 417 2730 inde
454 2694 803 2748 rumperentur,
847 2694 891 2728 et
933 2684 979 2728 in
1019 2684 1262 2729 alterutros
1295 2685 1481 2747 culpam
1519 2693 1563 2728 et
1600 2700 1709 2747 rup-
