<?xml version="1.0" encoding="UTF-8"?>
<!DOCTYPE html PUBLIC "-//W3C//DTD XHTML 1.0 Transitional//EN"
    "http://www.w3.org/TR/xhtml1/DTD/xhtml1-transitional.dtd">
<html xmlns="http://www.w3.org/1999/xhtml" xml:lang="en" lang="en">
 <head>
  <title>
</title>
<meta http-equiv="Content-Type" content="text/html;charset=utf-8" />
  <meta name='ocr-system' content='tesseract 3.04.00' />
  <meta name='ocr-capabilities' content='ocr_page ocr_carea ocr_par ocr_line ocrx_word'/>
</head>
<body>
  <div class='ocr_page' id='page_1' title='image "./histoiredesrgn03basi_0402.png"; bbox 0 0 1875 2956; ppageno 0'>
   <div class='ocr_carea' id='block_1_1' title="bbox 225 242 1063 284">
    <p class='ocr_par' dir='ltr' id='par_1_1' title="bbox 225 242 1063 284">
     <span class='ocr_line' id='line_1_1' title="bbox 225 242 1063 284; baseline 0 -8"><span class='ocrx_word' id='word_1_1' title='bbox 225 242 298 276; x_wconf 75' lang='lat'>350</span> <span class='ocrx_word' id='word_1_2' title='bbox 788 243 1035 276; x_wconf 68' lang='lat' dir='ltr'>APOLOGIA</span> <span class='ocrx_word' id='word_1_3' title='bbox 1054 272 1063 284; x_wconf 79' lang='lat'>,</span> 
     </span>
    </p>
   </div>
   <div class='ocr_carea' id='block_1_2' title="bbox 217 328 1630 2778">
    <p class='ocr_par' dir='ltr' id='par_1_2' title="bbox 217 328 1630 2778">
     <span class='ocr_line' id='line_1_2' title="bbox 222 328 1628 396; baseline 0.006 -24"><span class='ocrx_word' id='word_1_4' title='bbox 222 328 401 373; x_wconf 88' lang='lat' dir='ltr'>verensi</span> <span class='ocrx_word' id='word_1_5' title='bbox 424 338 740 391; x_wconf 83' lang='lat' dir='ltr'>exposuerunt</span> <span class='ocrx_word' id='word_1_6' title='bbox 771 329 1008 387; x_wconf 78' lang='lat' dir='ltr'>angustias</span> <span class='ocrx_word' id='word_1_7' title='bbox 1033 338 1077 373; x_wconf 90' lang='lat' dir='ltr'>et</span> <span class='ocrx_word' id='word_1_8' title='bbox 1101 339 1250 376; x_wconf 85' lang='lat' dir='ltr'>metus</span> <span class='ocrx_word' id='word_1_9' title='bbox 1282 333 1328 377; x_wconf 90' lang='grc'>111</span> <span class='ocrx_word' id='word_1_10' title='bbox 1351 334 1538 396; x_wconf 86' lang='lat' dir='ltr'>quibus,</span> <span class='ocrx_word' id='word_1_11' title='bbox 1566 334 1628 379; x_wconf 92' lang='grc'>01)</span> 
     </span>
     <span class='ocr_line' id='line_1_3' title="bbox 220 403 1630 464; baseline 0.006 -15"><span class='ocrx_word' id='word_1_12' title='bbox 220 405 404 451; x_wconf 88' lang='lat' dir='ltr'>servitia</span> <span class='ocrx_word' id='word_1_13' title='bbox 428 421 456 450; x_wconf 93' lang='lat' dir='ltr'>a</span> <span class='ocrx_word' id='word_1_14' title='bbox 478 421 525 450; x_wconf 87' lang='lat' dir='ltr'>se</span> <span class='ocrx_word' id='word_1_15' title='bbox 549 404 686 449; x_wconf 86' lang='lat' dir='ltr'>nobis</span> <span class='ocrx_word' id='word_1_16' title='bbox 707 403 917 449; x_wconf 83' lang='lat' dir='ltr'>exhibita</span> <span class='ocrx_word' id='word_1_17' title='bbox 941 414 986 449; x_wconf 90' lang='lat' dir='ltr'>et</span> <span class='ocrx_word' id='word_1_18' title='bbox 1011 420 1152 451; x_wconf 90' lang='lat' dir='ltr'>causa</span> <span class='ocrx_word' id='word_1_19' title='bbox 1176 409 1339 464; x_wconf 80' lang='lat' dir='ltr'>nostri,</span> <span class='ocrx_word' id='word_1_20' title='bbox 1367 421 1497 457; x_wconf 89' lang='lat' dir='ltr'>erant</span> <span class='ocrx_word' id='word_1_21' title='bbox 1522 428 1630 457; x_wconf 92' lang='lat' dir='ltr'>con-</span> 
     </span>
     <span class='ocr_line' id='line_1_4' title="bbox 220 480 1628 544; baseline 0.006 -18"><span class='ocrx_word' id='word_1_22' title='bbox 220 482 394 541; x_wconf 84' lang='lat' dir='ltr'>stituti,</span> <span class='ocrx_word' id='word_1_23' title='bbox 434 497 725 544; x_wconf 81' lang='lat' dir='ltr'>pavoresque</span> <span class='ocrx_word' id='word_1_24' title='bbox 754 480 928 542; x_wconf 87' lang='lat' dir='ltr'>quibus</span> <span class='ocrx_word' id='word_1_25' title='bbox 960 482 1060 526; x_wconf 85' lang='lat' dir='ltr'>sine</span> <span class='ocrx_word' id='word_1_26' title='bbox 1096 482 1190 528; x_wconf 90' lang='lat' dir='ltr'>ulla</span> <span class='ocrx_word' id='word_1_27' title='bbox 1224 486 1478 533; x_wconf 89' lang='lat' dir='ltr'>cessatione</span> <span class='ocrx_word' id='word_1_28' title='bbox 1511 489 1628 535; x_wconf 82' lang='lat' dir='ltr'>affli-</span> 
     </span>
     <span class='ocr_line' id='line_1_5' title="bbox 221 557 1625 626; baseline 0.005 -23"><span class='ocrx_word' id='word_1_29' title='bbox 221 557 467 618; x_wconf 85' lang='lat' dir='ltr'>gebantur,</span> <span class='ocrx_word' id='word_1_30' title='bbox 489 558 604 602; x_wconf 87' lang='lat' dir='ltr'>dum</span> <span class='ocrx_word' id='word_1_31' title='bbox 630 574 726 602; x_wconf 90' lang='lat' dir='ltr'>non</span> <span class='ocrx_word' id='word_1_32' title='bbox 746 558 873 603; x_wconf 85' lang='lat' dir='ltr'>aliud</span> <span class='ocrx_word' id='word_1_33' title='bbox 896 575 1048 620; x_wconf 89' lang='lat' dir='ltr'>neque</span> <span class='ocrx_word' id='word_1_34' title='bbox 1067 559 1170 621; x_wconf 88' lang='lat' dir='ltr'>ipsi,</span> <span class='ocrx_word' id='word_1_35' title='bbox 1194 576 1345 622; x_wconf 85' lang='lat' dir='ltr'>neque</span> <span class='ocrx_word' id='word_1_36' title='bbox 1362 565 1510 609; x_wconf 80' lang='lat' dir='ltr'>caeteri</span> <span class='ocrx_word' id='word_1_37' title='bbox 1528 565 1625 626; x_wconf 89' lang='lat' dir='ltr'>qui,</span> 
     </span>
     <span class='ocr_line' id='line_1_6' title="bbox 221 634 1628 694; baseline 0.004 -14"><span class='ocrx_word' id='word_1_38' title='bbox 221 636 292 680; x_wconf 87' lang='lat' dir='ltr'>vel</span> <span class='ocrx_word' id='word_1_39' title='bbox 319 635 569 680; x_wconf 89' lang='lat' dir='ltr'>scribendo</span> <span class='ocrx_word' id='word_1_40' title='bbox 592 635 664 680; x_wconf 83' lang='lat' dir='ltr'>vel</span> <span class='ocrx_word' id='word_1_41' title='bbox 692 634 750 680; x_wconf 91' lang='lat' dir='ltr'>ad</span> <span class='ocrx_word' id='word_1_42' title='bbox 780 652 866 680; x_wconf 89' lang='grc'>1105</span> <span class='ocrx_word' id='word_1_43' title='bbox 890 634 1126 681; x_wconf 84' lang='lat' dir='ltr'>veniendo</span> <span class='ocrx_word' id='word_1_44' title='bbox 1145 673 1156 694; x_wconf 95' lang='lat'>,</span> <span class='ocrx_word' id='word_1_45' title='bbox 1180 652 1261 681; x_wconf 93' lang='lat' dir='ltr'>seu</span> <span class='ocrx_word' id='word_1_46' title='bbox 1297 654 1518 686; x_wconf 87' lang='lat' dir='ltr'>nummos</span> <span class='ocrx_word' id='word_1_47' title='bbox 1545 641 1628 687; x_wconf 87' lang='lat' dir='ltr'>de-</span> 
     </span>
     <span class='ocr_line' id='line_1_7' title="bbox 222 711 1630 778; baseline 0.006 -23"><span class='ocrx_word' id='word_1_48' title='bbox 222 711 437 770; x_wconf 82' lang='lat' dir='ltr'>serendo,</span> <span class='ocrx_word' id='word_1_49' title='bbox 497 711 635 757; x_wconf 90' lang='lat' dir='ltr'>nobis</span> <span class='ocrx_word' id='word_1_50' title='bbox 678 711 1023 770; x_wconf 81' lang='lat' dir='ltr'>ministrarant,</span> <span class='ocrx_word' id='word_1_51' title='bbox 1081 713 1128 757; x_wconf 87' lang='lat' dir='ltr'>in</span> <span class='ocrx_word' id='word_1_52' title='bbox 1173 712 1270 759; x_wconf 87' lang='lat' dir='ltr'>dies</span> <span class='ocrx_word' id='word_1_53' title='bbox 1312 725 1630 778; x_wconf 80' lang='lat' dir='ltr'>exspectarent</span> 
     </span>
     <span class='ocr_line' id='line_1_8' title="bbox 221 790 1628 854; baseline 0.005 -20"><span class='ocrx_word' id='word_1_54' title='bbox 221 805 363 852; x_wconf 88' lang='lat' dir='ltr'>quam</span> <span class='ocrx_word' id='word_1_55' title='bbox 400 790 528 851; x_wconf 89' lang='lat' dir='ltr'>quod</span> <span class='ocrx_word' id='word_1_56' title='bbox 576 790 636 836; x_wconf 90' lang='lat' dir='ltr'>ad</span> <span class='ocrx_word' id='word_1_57' title='bbox 677 791 906 853; x_wconf 87' lang='lat' dir='ltr'>supplicia</span> <span class='ocrx_word' id='word_1_58' title='bbox 951 800 995 836; x_wconf 87' lang='lat' dir='ltr'>et</span> <span class='ocrx_word' id='word_1_59' title='bbox 1027 806 1190 853; x_wconf 86' lang='lat' dir='ltr'>poenas</span> <span class='ocrx_word' id='word_1_60' title='bbox 1224 808 1312 854; x_wconf 87' lang='lat' dir='ltr'>pro</span> <span class='ocrx_word' id='word_1_61' title='bbox 1359 791 1628 854; x_wconf 85' lang='lat' dir='ltr'>hujusmodi</span> 
     </span>
     <span class='ocr_line' id='line_1_9' title="bbox 221 867 1629 934; baseline 0.006 -23"><span class='ocrx_word' id='word_1_62' title='bbox 221 867 370 912; x_wconf 90' lang='lat' dir='ltr'>causis</span> <span class='ocrx_word' id='word_1_63' title='bbox 402 867 499 929; x_wconf 83' lang='lat' dir='ltr'>rapi</span> <span class='ocrx_word' id='word_1_64' title='bbox 534 867 788 925; x_wconf 73' lang='lat' dir='ltr'>deberent,</span> <span class='ocrx_word' id='word_1_65' title='bbox 819 884 912 913; x_wconf 87' lang='lat' dir='ltr'>una</span> <span class='ocrx_word' id='word_1_66' title='bbox 945 868 1044 914; x_wconf 88' lang='lat' dir='ltr'>sola</span> <span class='ocrx_word' id='word_1_67' title='bbox 1079 868 1152 913; x_wconf 81' lang='lat' dir='ltr'>via</span> <span class='ocrx_word' id='word_1_68' title='bbox 1181 868 1267 913; x_wconf 89' lang='lat' dir='ltr'>sibi</span> <span class='ocrx_word' id='word_1_69' title='bbox 1304 868 1461 915; x_wconf 84' lang='lat' dir='ltr'>afferri</span> <span class='ocrx_word' id='word_1_70' title='bbox 1495 887 1629 934; x_wconf 90' lang='lat' dir='ltr'>posse</span> 
     </span>
     <span class='ocr_line' id='line_1_10' title="bbox 221 943 1630 1010; baseline 0.005 -23"><span class='ocrx_word' id='word_1_71' title='bbox 221 953 386 989; x_wconf 90' lang='lat' dir='ltr'>contra</span> <span class='ocrx_word' id='word_1_72' title='bbox 417 943 689 1005; x_wconf 88' lang='lat' dir='ltr'>hujusmodi</span> <span class='ocrx_word' id='word_1_73' title='bbox 721 945 926 1007; x_wconf 85' lang='lat' dir='ltr'>pericula</span> <span class='ocrx_word' id='word_1_74' title='bbox 959 945 1244 1003; x_wconf 87' lang='lat' dir='ltr'>remedium,</span> <span class='ocrx_word' id='word_1_75' title='bbox 1283 946 1319 991; x_wconf 90' lang='lat' dir='ltr'>si</span> <span class='ocrx_word' id='word_1_76' title='bbox 1352 946 1413 992; x_wconf 84' lang='lat' dir='ltr'>ad</span> <span class='ocrx_word' id='word_1_77' title='bbox 1442 947 1630 1010; x_wconf 85' lang='lat' dir='ltr'>placan-</span> 
     </span>
     <span class='ocr_line' id='line_1_11' title="bbox 221 1020 1628 1089; baseline 0.006 -25"><span class='ocrx_word' id='word_1_78' title='bbox 221 1020 335 1064; x_wconf 87' lang='lat' dir='ltr'>durn</span> <span class='ocrx_word' id='word_1_79' title='bbox 370 1035 619 1065; x_wconf 87' lang='lat' dir='ltr'>accensum</span> <span class='ocrx_word' id='word_1_80' title='bbox 660 1021 707 1065; x_wconf 89' lang='lat' dir='ltr'>in</span> <span class='ocrx_word' id='word_1_81' title='bbox 747 1038 834 1066; x_wconf 91' lang='lat' dir='ltr'>nos</span> <span class='ocrx_word' id='word_1_82' title='bbox 866 1031 1004 1083; x_wconf 82' lang='lat' dir='ltr'>atque</span> <span class='ocrx_word' id='word_1_83' title='bbox 1044 1022 1090 1066; x_wconf 91' lang='lat' dir='ltr'>in</span> <span class='ocrx_word' id='word_1_84' title='bbox 1131 1039 1179 1068; x_wconf 93' lang='lat' dir='ltr'>se</span> <span class='ocrx_word' id='word_1_85' title='bbox 1205 1032 1249 1067; x_wconf 88' lang='lat' dir='ltr'>et</span> <span class='ocrx_word' id='word_1_86' title='bbox 1286 1033 1503 1085; x_wconf 74' lang='lat' dir='ltr'>caeteros,</span> <span class='ocrx_word' id='word_1_87' title='bbox 1549 1027 1628 1089; x_wconf 92' lang='lat' dir='ltr'>qui</span> 
     </span>
     <span class='ocr_line' id='line_1_12' title="bbox 222 1095 1626 1161; baseline 0.006 -21"><span class='ocrx_word' id='word_1_88' title='bbox 222 1095 359 1141; x_wconf 92' lang='lat' dir='ltr'>nobis</span> <span class='ocrx_word' id='word_1_89' title='bbox 378 1097 657 1157; x_wconf 84' lang='lat' dir='ltr'>servierant,</span> <span class='ocrx_word' id='word_1_90' title='bbox 687 1097 833 1142; x_wconf 84' lang='lat' dir='ltr'>nostri</span> <span class='ocrx_word' id='word_1_91' title='bbox 862 1114 1001 1144; x_wconf 82' lang='lat' dir='ltr'>causa</span> <span class='ocrx_word' id='word_1_92' title='bbox 1041 1099 1252 1144; x_wconf 86' lang='lat' dir='ltr'>animum</span> <span class='ocrx_word' id='word_1_93' title='bbox 1285 1100 1493 1161; x_wconf 83' lang='lat' dir='ltr'>regium,</span> <span class='ocrx_word' id='word_1_94' title='bbox 1530 1118 1626 1148; x_wconf 89' lang='lat' dir='ltr'>ces-</span> 
     </span>
     <span class='ocr_line' id='line_1_13' title="bbox 220 1170 1626 1240; baseline 0.006 -26"><span class='ocrx_word' id='word_1_95' title='bbox 220 1170 402 1217; x_wconf 90' lang='lat' dir='ltr'>sionem</span> <span class='ocrx_word' id='word_1_96' title='bbox 427 1173 629 1218; x_wconf 79' lang='lat' dir='ltr'>ecclesiae</span> <span class='ocrx_word' id='word_1_97' title='bbox 656 1184 824 1220; x_wconf 83' lang='lat' dir='ltr'>nostrae</span> <span class='ocrx_word' id='word_1_98' title='bbox 859 1173 1009 1219; x_wconf 86' lang='lat' dir='ltr'>facere</span> <span class='ocrx_word' id='word_1_99' title='bbox 1039 1174 1291 1232; x_wconf 81' lang='lat' dir='ltr'>vellemus,</span> <span class='ocrx_word' id='word_1_100' title='bbox 1325 1176 1400 1220; x_wconf 88' lang='lat' dir='ltr'>cui</span> <span class='ocrx_word' id='word_1_101' title='bbox 1425 1175 1482 1221; x_wconf 91' lang='lat' dir='ltr'>de</span> <span class='ocrx_word' id='word_1_102' title='bbox 1518 1193 1626 1240; x_wconf 89' lang='lat' dir='ltr'>per-</span> 
     </span>
     <span class='ocr_line' id='line_1_14' title="bbox 220 1249 1627 1314; baseline 0.004 -21"><span class='ocrx_word' id='word_1_103' title='bbox 220 1263 336 1294; x_wconf 83' lang='lat' dir='ltr'>sona</span> <span class='ocrx_word' id='word_1_104' title='bbox 356 1249 452 1310; x_wconf 84' lang='lat' dir='ltr'>regi</span> <span class='ocrx_word' id='word_1_105' title='bbox 473 1259 600 1310; x_wconf 82' lang='lat' dir='ltr'>grata</span> <span class='ocrx_word' id='word_1_106' title='bbox 623 1251 973 1314; x_wconf 82' lang='lat' dir='ltr'>provideretur3</span> <span class='ocrx_word' id='word_1_107' title='bbox 999 1250 1092 1296; x_wconf 87' lang='lat' dir='ltr'>hoc</span> <span class='ocrx_word' id='word_1_108' title='bbox 1117 1250 1263 1297; x_wconf 90' lang='lat' dir='ltr'>modo</span> <span class='ocrx_word' id='word_1_109' title='bbox 1294 1252 1627 1314; x_wconf 84' lang='lat' dir='ltr'>indignationis</span> 
     </span>
     <span class='ocr_line' id='line_1_15' title="bbox 220 1325 1625 1393; baseline 0.005 -25"><span class='ocrx_word' id='word_1_110' title='bbox 220 1325 355 1385; x_wconf 80' lang='lat' dir='ltr'>regiae</span> <span class='ocrx_word' id='word_1_111' title='bbox 391 1335 556 1372; x_wconf 90' lang='lat' dir='ltr'>contra</span> <span class='ocrx_word' id='word_1_112' title='bbox 591 1343 639 1372; x_wconf 86' lang='lat' dir='ltr'>se</span> <span class='ocrx_word' id='word_1_113' title='bbox 672 1337 717 1372; x_wconf 92' lang='lat' dir='ltr'>et</span> <span class='ocrx_word' id='word_1_114' title='bbox 752 1328 908 1390; x_wconf 90' lang='lat' dir='ltr'>plures</span> <span class='ocrx_word' id='word_1_115' title='bbox 946 1328 1061 1373; x_wconf 87' lang='lat' dir='ltr'>alios</span> <span class='ocrx_word' id='word_1_116' title='bbox 1098 1328 1322 1374; x_wconf 86' lang='lat' dir='ltr'>honestos</span> <span class='ocrx_word' id='word_1_117' title='bbox 1355 1329 1507 1389; x_wconf 88' lang='lat' dir='ltr'>cives,</span> <span class='ocrx_word' id='word_1_118' title='bbox 1546 1331 1625 1393; x_wconf 91' lang='lat' dir='ltr'>qui</span> 
     </span>
     <span class='ocr_line' id='line_1_16' title="bbox 220 1400 1627 1467; baseline 0.006 -23"><span class='ocrx_word' id='word_1_119' title='bbox 220 1400 476 1462; x_wconf 91' lang='lat' dir='ltr'>aliquando</span> <span class='ocrx_word' id='word_1_120' title='bbox 512 1403 559 1447; x_wconf 90' lang='lat' dir='ltr'>in</span> <span class='ocrx_word' id='word_1_121' title='bbox 601 1404 771 1449; x_wconf 86' lang='lat' dir='ltr'>nostris</span> <span class='ocrx_word' id='word_1_122' title='bbox 793 1404 1198 1467; x_wconf 86' lang='lat' dir='ltr'>persecutionibus</span> <span class='ocrx_word' id='word_1_123' title='bbox 1220 1404 1358 1451; x_wconf 91' lang='lat' dir='ltr'>nobis</span> <span class='ocrx_word' id='word_1_124' title='bbox 1390 1407 1627 1452; x_wconf 87' lang='lat' dir='ltr'>ministra-</span> 
     </span>
     <span class='ocr_line' id='line_1_17' title="bbox 221 1479 1623 1543; baseline 0.004 -22"><span class='ocrx_word' id='word_1_125' title='bbox 221 1487 346 1535; x_wconf 83' lang='lat' dir='ltr'>rant,</span> <span class='ocrx_word' id='word_1_126' title='bbox 373 1479 699 1541; x_wconf 86' lang='lat' dir='ltr'>impositorum</span> <span class='ocrx_word' id='word_1_127' title='bbox 725 1480 837 1537; x_wconf 89' lang='lat' dir='ltr'>sibi,</span> <span class='ocrx_word' id='word_1_128' title='bbox 875 1482 983 1527; x_wconf 90' lang='lat' dir='ltr'>licet</span> <span class='ocrx_word' id='word_1_129' title='bbox 1016 1481 1330 1543; x_wconf 84' lang='lat' dir='ltr'>iniquissime,</span> <span class='ocrx_word' id='word_1_130' title='bbox 1375 1483 1623 1528; x_wconf 84' lang='lat' dir='ltr'>criminum</span> 
     </span>
     <span class='ocr_line' id='line_1_18' title="bbox 221 1552 1623 1619; baseline 0.005 -22"><span class='ocrx_word' id='word_1_131' title='bbox 221 1552 529 1599; x_wconf 84' lang='lat' dir='ltr'>abolitionem</span> <span class='ocrx_word' id='word_1_132' title='bbox 565 1566 611 1600; x_wconf 90' lang='lat' dir='ltr'>et</span> <span class='ocrx_word' id='word_1_133' title='bbox 644 1557 1002 1603; x_wconf 79' lang='lat' dir='ltr'>exstinctionem</span> <span class='ocrx_word' id='word_1_134' title='bbox 1045 1558 1242 1619; x_wconf 64' lang='lat' dir='ltr'>vitaeque</span> <span class='ocrx_word' id='word_1_135' title='bbox 1287 1568 1332 1603; x_wconf 90' lang='lat' dir='ltr'>et</span> <span class='ocrx_word' id='word_1_136' title='bbox 1377 1568 1519 1604; x_wconf 89' lang='lat' dir='ltr'>status</span> <span class='ocrx_word' id='word_1_137' title='bbox 1554 1560 1623 1605; x_wconf 91' lang='lat' dir='ltr'>sui</span> 
     </span>
     <span class='ocr_line' id='line_1_19' title="bbox 220 1632 1623 1697; baseline 0.004 -22"><span class='ocrx_word' id='word_1_138' title='bbox 220 1632 514 1676; x_wconf 88' lang='lat' dir='ltr'>securitatem</span> <span class='ocrx_word' id='word_1_139' title='bbox 558 1642 812 1695; x_wconf 86' lang='lat' dir='ltr'>utcumque</span> <span class='ocrx_word' id='word_1_140' title='bbox 847 1635 1071 1695; x_wconf 87' lang='lat' dir='ltr'>consequi</span> <span class='ocrx_word' id='word_1_141' title='bbox 1108 1650 1244 1697; x_wconf 82' lang='lat' dir='ltr'>posse</span> <span class='ocrx_word' id='word_1_142' title='bbox 1290 1651 1495 1697; x_wconf 85' lang='lat' dir='ltr'>sperare,</span> <span class='ocrx_word' id='word_1_143' title='bbox 1538 1653 1623 1682; x_wconf 89' lang='lat' dir='ltr'>no·</span> 
     </span>
     <span class='ocr_line' id='line_1_20' title="bbox 220 1707 1620 1774; baseline 0.004 -23"><span class='ocrx_word' id='word_1_144' title='bbox 220 1707 384 1769; x_wconf 88' lang='lat' dir='ltr'>bisque</span> <span class='ocrx_word' id='word_1_145' title='bbox 408 1709 612 1769; x_wconf 88' lang='lat' dir='ltr'>quietem</span> <span class='ocrx_word' id='word_1_146' title='bbox 639 1720 684 1755; x_wconf 89' lang='lat' dir='ltr'>et</span> <span class='ocrx_word' id='word_1_147' title='bbox 709 1711 1092 1772; x_wconf 84' lang='lat' dir='ltr'>tranquillitatem</span> <span class='ocrx_word' id='word_1_148' title='bbox 1119 1728 1202 1774; x_wconf 92' lang='lat' dir='ltr'>per</span> <span class='ocrx_word' id='word_1_149' title='bbox 1228 1711 1320 1756; x_wconf 89' lang='grc'>1100</span> <span class='ocrx_word' id='word_1_150' title='bbox 1344 1712 1620 1774; x_wconf 86' lang='lat' dir='ltr'>parandam,</span> 
     </span>
     <span class='ocr_line' id='line_1_21' title="bbox 221 1784 1628 1850; baseline 0.004 -22"><span class='ocrx_word' id='word_1_151' title='bbox 221 1800 330 1828; x_wconf 87' lang='lat' dir='ltr'>cum</span> <span class='ocrx_word' id='word_1_152' title='bbox 353 1784 412 1830; x_wconf 89' lang='lat' dir='ltr'>ab</span> <span class='ocrx_word' id='word_1_153' title='bbox 436 1784 664 1848; x_wconf 89' lang='lat' dir='ltr'>improbis</span> <span class='ocrx_word' id='word_1_154' title='bbox 682 1785 969 1831; x_wconf 89' lang='lat' dir='ltr'>delatoribus</span> <span class='ocrx_word' id='word_1_155' title='bbox 989 1796 1034 1831; x_wconf 90' lang='lat' dir='ltr'>et</span> <span class='ocrx_word' id='word_1_156' title='bbox 1056 1787 1475 1832; x_wconf 86' lang='lat' dir='ltr'>calumniatoribus</span> <span class='ocrx_word' id='word_1_157' title='bbox 1489 1788 1628 1850; x_wconf 91' lang='lat' dir='ltr'>hujus</span> 
     </span>
     <span class='ocr_line' id='line_1_22' title="bbox 220 1860 1628 1926; baseline 0.005 -22"><span class='ocrx_word' id='word_1_158' title='bbox 220 1860 285 1905; x_wconf 88' lang='lat' dir='ltr'>rei</span> <span class='ocrx_word' id='word_1_159' title='bbox 306 1862 451 1922; x_wconf 82' lang='lat' dir='ltr'>gratia</span> <span class='ocrx_word' id='word_1_160' title='bbox 473 1862 713 1924; x_wconf 87' lang='lat' dir='ltr'>potissime</span> <span class='ocrx_word' id='word_1_161' title='bbox 731 1863 859 1926; x_wconf 89' lang='lat' dir='ltr'>apud</span> <span class='ocrx_word' id='word_1_162' title='bbox 877 1863 1023 1926; x_wconf 82' lang='lat' dir='ltr'>regias</span> <span class='ocrx_word' id='word_1_163' title='bbox 1041 1880 1176 1909; x_wconf 88' lang='lat' dir='ltr'>aures</span> <span class='ocrx_word' id='word_1_164' title='bbox 1187 1864 1431 1909; x_wconf 83' lang='lat' dir='ltr'>calumniae</span> <span class='ocrx_word' id='word_1_165' title='bbox 1447 1874 1628 1911; x_wconf 88' lang='lat' dir='ltr'>structae</span> 
     </span>
     <span class='ocr_line' id='line_1_23' title="bbox 221 1942 1628 2004; baseline 0.004 -19"><span class='ocrx_word' id='word_1_166' title='bbox 221 1950 265 1985; x_wconf 85' lang='lat' dir='ltr'>et</span> <span class='ocrx_word' id='word_1_167' title='bbox 304 1942 597 1988; x_wconf 65' lang='lat' dir='ltr'>concinnatae</span> <span class='ocrx_word' id='word_1_168' title='bbox 633 1942 882 1988; x_wconf 80' lang='lat' dir='ltr'>adversum</span> <span class='ocrx_word' id='word_1_169' title='bbox 927 1960 1015 1989; x_wconf 90' lang='lat' dir='ltr'>nos</span> <span class='ocrx_word' id='word_1_170' title='bbox 1050 1943 1249 2004; x_wconf 90' lang='lat' dir='ltr'>fuerint,</span> <span class='ocrx_word' id='word_1_171' title='bbox 1297 1954 1349 1989; x_wconf 89' lang='lat' dir='ltr'>ut</span> <span class='ocrx_word' id='word_1_172' title='bbox 1391 1944 1451 1990; x_wconf 85' lang='lat' dir='ltr'>ad</span> <span class='ocrx_word' id='word_1_173' title='bbox 1485 1945 1628 1992; x_wconf 89' lang='lat' dir='ltr'>eccle·</span> 
     </span>
     <span class='ocr_line' id='line_1_24' title="bbox 221 2017 1626 2085; baseline 0.004 -23"><span class='ocrx_word' id='word_1_174' title='bbox 221 2017 337 2063; x_wconf 81' lang='lat' dir='ltr'>siam</span> <span class='ocrx_word' id='word_1_175' title='bbox 387 2029 595 2065; x_wconf 89' lang='lat' dir='ltr'>nostram</span> <span class='ocrx_word' id='word_1_176' title='bbox 641 2037 728 2083; x_wconf 91' lang='lat' dir='ltr'>pro</span> <span class='ocrx_word' id='word_1_177' title='bbox 776 2037 822 2065; x_wconf 91' lang='lat' dir='ltr'>se</span> <span class='ocrx_word' id='word_1_178' title='bbox 876 2030 955 2065; x_wconf 89' lang='lat' dir='ltr'>aut</span> <span class='ocrx_word' id='word_1_179' title='bbox 999 2038 1191 2066; x_wconf 88' lang='lat' dir='ltr'>suorum</span> <span class='ocrx_word' id='word_1_180' title='bbox 1230 2021 1387 2084; x_wconf 89' lang='lat' dir='ltr'>aliquo</span> <span class='ocrx_word' id='word_1_181' title='bbox 1434 2023 1626 2085; x_wconf 86' lang='lat' dir='ltr'>propin-</span> 
     </span>
     <span class='ocr_line' id='line_1_25' title="bbox 221 2100 1626 2162; baseline 0.004 -21"><span class='ocrx_word' id='word_1_182' title='bbox 221 2114 425 2158; x_wconf 84' lang='lat' dir='ltr'>quorum</span> <span class='ocrx_word' id='word_1_183' title='bbox 448 2100 673 2161; x_wconf 85' lang='lat' dir='ltr'>attingere</span> <span class='ocrx_word' id='word_1_184' title='bbox 699 2110 910 2162; x_wconf 82' lang='lat' dir='ltr'>possent3</span> <span class='ocrx_word' id='word_1_185' title='bbox 951 2101 1193 2146; x_wconf 87' lang='lat' dir='ltr'>ecclesiam</span> <span class='ocrx_word' id='word_1_186' title='bbox 1234 2101 1294 2146; x_wconf 89' lang='lat' dir='ltr'>ad</span> <span class='ocrx_word' id='word_1_187' title='bbox 1327 2116 1512 2146; x_wconf 88' lang='grc'>03053111</span> <span class='ocrx_word' id='word_1_188' title='bbox 1544 2101 1626 2147; x_wconf 88' lang='grc'>31)-</span> 
     </span>
     <span class='ocr_line' id='line_1_26' title="bbox 221 2175 1627 2241; baseline 0.004 -22"><span class='ocrx_word' id='word_1_189' title='bbox 221 2175 376 2220; x_wconf 82' lang='lat' dir='ltr'>sentia·</span> <span class='ocrx_word' id='word_1_190' title='bbox 407 2187 573 2221; x_wconf 69' lang='lat' dir='ltr'>nostrae</span> <span class='ocrx_word' id='word_1_191' title='bbox 598 2193 781 2240; x_wconf 88' lang='lat' dir='ltr'>passam</span> <span class='ocrx_word' id='word_1_192' title='bbox 806 2187 944 2239; x_wconf 89' lang='lat' dir='ltr'>atque</span> <span class='ocrx_word' id='word_1_193' title='bbox 972 2179 1019 2223; x_wconf 91' lang='lat' dir='ltr'>in</span> <span class='ocrx_word' id='word_1_194' title='bbox 1054 2178 1153 2224; x_wconf 89' lang='lat' dir='ltr'>dies</span> <span class='ocrx_word' id='word_1_195' title='bbox 1182 2179 1276 2241; x_wconf 86' lang='lat' dir='ltr'>pati</span> <span class='ocrx_word' id='word_1_196' title='bbox 1316 2189 1361 2223; x_wconf 84' lang='lat' dir='ltr'>et</span> <span class='ocrx_word' id='word_1_197' title='bbox 1399 2180 1627 2225; x_wconf 87' lang='lat' dir='ltr'>sustinere</span> 
     </span>
     <span class='ocr_line' id='line_1_27' title="bbox 222 2252 1625 2317; baseline 0.004 -22"><span class='ocrx_word' id='word_1_198' title='bbox 222 2252 423 2297; x_wconf 76' lang='lat' dir='ltr'>maxima</span> <span class='ocrx_word' id='word_1_199' title='bbox 446 2252 724 2300; x_wconf 81' lang='lat' dir='ltr'>detrimenta</span> <span class='ocrx_word' id='word_1_200' title='bbox 743 2292 753 2312; x_wconf 84' lang='lat'>‚</span> <span class='ocrx_word' id='word_1_201' title='bbox 784 2271 867 2317; x_wconf 86' lang='lat' dir='ltr'>per</span> <span class='ocrx_word' id='word_1_202' title='bbox 898 2254 991 2300; x_wconf 89' lang='lat' dir='ltr'>hoc</span> <span class='ocrx_word' id='word_1_203' title='bbox 1021 2254 1150 2316; x_wconf 85' lang='lat' dir='ltr'>quod</span> <span class='ocrx_word' id='word_1_204' title='bbox 1182 2271 1259 2300; x_wconf 89' lang='lat' dir='ltr'>rex</span> <span class='ocrx_word' id='word_1_205' title='bbox 1299 2256 1625 2317; x_wconf 84' lang='lat' dir='ltr'>temporalium</span> 
     </span>
     <span class='ocr_line' id='line_1_28' title="bbox 219 2328 1626 2394; baseline 0.004 -22"><span class='ocrx_word' id='word_1_206' title='bbox 219 2328 427 2389; x_wconf 87' lang='lat' dir='ltr'>ejusdem</span> <span class='ocrx_word' id='word_1_207' title='bbox 444 2366 454 2385; x_wconf 88' lang='lat'>,</span> <span class='ocrx_word' id='word_1_208' title='bbox 484 2330 529 2373; x_wconf 92' lang='lat' dir='ltr'>in</span> <span class='ocrx_word' id='word_1_209' title='bbox 556 2330 726 2391; x_wconf 89' lang='lat' dir='ltr'>quibus</span> <span class='ocrx_word' id='word_1_210' title='bbox 751 2330 894 2375; x_wconf 82' lang='lat' dir='ltr'>ferme</span> <span class='ocrx_word' id='word_1_211' title='bbox 920 2347 1083 2387; x_wconf 89' lang='lat' dir='ltr'>omnes</span> <span class='ocrx_word' id='word_1_212' title='bbox 1114 2331 1211 2392; x_wconf 88' lang='lat' dir='ltr'>ejus</span> <span class='ocrx_word' id='word_1_213' title='bbox 1234 2331 1493 2376; x_wconf 87' lang='lat' dir='ltr'>consistunt</span> <span class='ocrx_word' id='word_1_214' title='bbox 1517 2349 1626 2394; x_wconf 89' lang='lat' dir='ltr'>pro-</span> 
     </span>
     <span class='ocr_line' id='line_1_29' title="bbox 220 2406 1625 2469; baseline 0.004 -20"><span class='ocrx_word' id='word_1_215' title='bbox 220 2415 412 2462; x_wconf 71' lang='lat' dir='ltr'>ventus,</span> <span class='ocrx_word' id='word_1_216' title='bbox 457 2422 584 2450; x_wconf 88' lang='grc'>110110</span> <span class='ocrx_word' id='word_1_217' title='bbox 626 2406 707 2450; x_wconf 84' lang='grc'>0111</span> <span class='ocrx_word' id='word_1_218' title='bbox 751 2423 877 2451; x_wconf 89' lang='lat' dir='ltr'>nunc</span> <span class='ocrx_word' id='word_1_219' title='bbox 921 2407 1080 2465; x_wconf 83' lang='lat' dir='ltr'>alteri,</span> <span class='ocrx_word' id='word_1_220' title='bbox 1120 2417 1163 2451; x_wconf 92' lang='lat' dir='ltr'>et</span> <span class='ocrx_word' id='word_1_221' title='bbox 1203 2424 1335 2469; x_wconf 63' lang='lat' dir='ltr'>pa‘ne</span> <span class='ocrx_word' id='word_1_222' title='bbox 1372 2410 1625 2469; x_wconf 86' lang='lat' dir='ltr'>quotannis</span> 
     </span>
     <span class='ocr_line' id='line_1_30' title="bbox 219 2481 1623 2546; baseline 0.005 -21"><span class='ocrx_word' id='word_1_223' title='bbox 219 2482 353 2527; x_wconf 85' lang='lat' dir='ltr'>novis</span> <span class='ocrx_word' id='word_1_224' title='bbox 382 2481 683 2545; x_wconf 76' lang='lat' dir='ltr'>praedonibus</span> <span class='ocrx_word' id='word_1_225' title='bbox 706 2482 1156 2528; x_wconf 80' lang='lat' dir='ltr'>administrationem</span> <span class='ocrx_word' id='word_1_226' title='bbox 1180 2485 1428 2546; x_wconf 84' lang='lat' dir='ltr'>permittit3</span> <span class='ocrx_word' id='word_1_227' title='bbox 1459 2502 1623 2532; x_wconf 85' lang='lat' dir='ltr'>census</span> 
     </span>
     <span class='ocr_line' id='line_1_31' title="bbox 217 2559 1620 2621; baseline 0.004 -18"><span class='ocrx_word' id='word_1_228' title='bbox 217 2568 262 2603; x_wconf 91' lang='lat' dir='ltr'>et</span> <span class='ocrx_word' id='word_1_229' title='bbox 289 2559 394 2620; x_wconf 88' lang='lat' dir='ltr'>jura</span> <span class='ocrx_word' id='word_1_230' title='bbox 428 2560 630 2604; x_wconf 78' lang='lat' dir='ltr'>ecclesia·</span> <span class='ocrx_word' id='word_1_231' title='bbox 671 2559 861 2605; x_wconf 84' lang='lat' dir='ltr'>alienari</span> <span class='ocrx_word' id='word_1_232' title='bbox 904 2569 1043 2621; x_wconf 89' lang='lat' dir='ltr'>atque</span> <span class='ocrx_word' id='word_1_233' title='bbox 1080 2560 1296 2620; x_wconf 83' lang='lat' dir='ltr'>distrahi,</span> <span class='ocrx_word' id='word_1_234' title='bbox 1341 2562 1476 2608; x_wconf 81' lang='lat' dir='ltr'>silvas</span> <span class='ocrx_word' id='word_1_235' title='bbox 1519 2580 1620 2609; x_wconf 92' lang='lat' dir='ltr'>suc-</span> 
     </span>
     <span class='ocr_line' id='line_1_32' title="bbox 217 2636 1619 2700; baseline 0.003 -19"><span class='ocrx_word' id='word_1_236' title='bbox 217 2636 333 2695; x_wconf 83' lang='lat' dir='ltr'>cidi,</span> <span class='ocrx_word' id='word_1_237' title='bbox 360 2636 537 2682; x_wconf 91' lang='lat' dir='ltr'>nobilia</span> <span class='ocrx_word' id='word_1_238' title='bbox 561 2654 757 2699; x_wconf 67' lang='lat' dir='ltr'>quaeque</span> <span class='ocrx_word' id='word_1_239' title='bbox 787 2636 981 2682; x_wconf 62' lang='lat' dir='ltr'>{edificia</span> <span class='ocrx_word' id='word_1_240' title='bbox 1012 2654 1066 2683; x_wconf 80' lang='lat' dir='ltr'>ex</span> <span class='ocrx_word' id='word_1_241' title='bbox 1093 2648 1222 2700; x_wconf 87' lang='lat' dir='ltr'>parte</span> <span class='ocrx_word' id='word_1_242' title='bbox 1242 2639 1339 2700; x_wconf 89' lang='lat' dir='ltr'>jam</span> <span class='ocrx_word' id='word_1_243' title='bbox 1364 2639 1410 2684; x_wconf 91' lang='lat' dir='ltr'>in</span> <span class='ocrx_word' id='word_1_244' title='bbox 1436 2640 1619 2686; x_wconf 89' lang='lat' dir='ltr'>ruinam</span> 
     </span>
     <span class='ocr_line' id='line_1_33' title="bbox 218 2714 1617 2778; baseline 0.004 -20"><span class='ocrx_word' id='word_1_245' title='bbox 218 2714 394 2776; x_wconf 86' lang='lat' dir='ltr'>dilapsa</span> <span class='ocrx_word' id='word_1_246' title='bbox 421 2724 559 2775; x_wconf 84' lang='lat' dir='ltr'>atque</span> <span class='ocrx_word' id='word_1_247' title='bbox 589 2715 635 2758; x_wconf 92' lang='lat' dir='ltr'>in</span> <span class='ocrx_word' id='word_1_248' title='bbox 660 2714 758 2759; x_wconf 83' lang='lat' dir='ltr'>dies</span> <span class='ocrx_word' id='word_1_249' title='bbox 790 2714 987 2773; x_wconf 82' lang='lat' dir='ltr'>collabi,</span> <span class='ocrx_word' id='word_1_250' title='bbox 1015 2715 1223 2773; x_wconf 68' lang='lat' dir='ltr'>cumjn,</span> <span class='ocrx_word' id='word_1_251' title='bbox 1251 2716 1421 2778; x_wconf 90' lang='lat' dir='ltr'>quibus</span> <span class='ocrx_word' id='word_1_252' title='bbox 1445 2718 1617 2763; x_wconf 86' lang='lat' dir='ltr'>reditus</span> 
     </span>
    </p>
   </div>
  </div>
 </body>
</html>
